2848 4586
486 343 487 348 ¹
592 320 611 374 Ι.
632 325 739 377 tto-tt.
1160 322 1201 387 41

99 482 291 559 perfectam
313 479 420 539 ducem
439 496 527 538 suum
544 477 715 552 Domitium,
734 479 818 540 cuius
835 495 887 556 spe
903 486 990 556 atque
1008 477 1114 540 fiducie
1131 495 1202 556 pcr-

103 563 301 636 manserint,
314 563 452 642 proiectis
468 563 607 624 omnibus
627 566 714 643 fugae
731 564 886 624 consilium
907 581 1026 640 capere:
1048 563 1154 624 debere
1171 582 1203 624 se

103 667 194 710 suae
221 648 322 709 solutis
343 649 489 710 rationem
517 649 634 708 babere.
670 649 715 709 tu
744 649 789 709 bis
819 649 916 727 primo
938 647 1027 708 Marsi
1047 647 1231 708 dissentiret-l

106 735 274 812 incipiunt
292 751 416 812 eamque
443 733 544 812 oppidi
572 741 695 812 partem,
725 751 800 813 quae
829 731 1024 794 munitissima
1044 731 1201 804 videretur,

109 826 283 896 occupant,
298 825 437 898 tantaque
450 818 526 880 inter
542 837 593 879 eos
608 818 752 879 dissensio
768 817 888 890 exsistit,
911 824 943 877 ut
957 835 1079 877 manum
1094 835 1201 878 conse-
1215 833 1232 882 4

112 921 195 964 rere
212 911 300 982 atque
314 903 403 964 armis
418 903 556 964 dimicare
572 911 735 975 conentur;
751 912 819 982 post
828 903 915 982 paulo
932 912 1029 962 tamen
1042 902 1201 962 internun-

107 987 172 1048 'tiis
194 988 272 1048 ultro
290 987 422 1066 citroque
444 989 550 1062 missis,
570 1004 646 1066 quae
667 988 849 1068 ignorabant,
876 988 911 1047 de
931 987 963 1046 L.
984 987 1102 1047 Domitii
1132 989 1202 1065 fuga

116 1080 322 1150 cognoscunt.
360 1074 460 1152 ltaque
482 1091 585 1134 omnes
613 1090 675 1134 uno
697 1073 819 1134 consilio
844 1071 1004 1133 Domitium
1023 1072 1231 1150 productumo

116 1157 155 1216 iu
176 1156 332 1234 publicum
348 1158 570 1219 circumsistunt
588 1166 616 1218 et
632 1157 801 1218 custodiunt
821 1159 989 1236 legatosque
1010 1174 1047 1216 ex
1064 1174 1119 1216 suo
1143 1173 1202 1215 nu-

118 1257 213 1301 mero
243 1241 279 1302 ad
308 1243 461 1303 Caesarem
486 1243 620 1304 mittunt:
649 1261 713 1304 sese
738 1250 854 1322 paratos
883 1260 947 1302 esse
969 1249 1069 1320 ponas
1088 1241 1203 1320 aperire

28 1355 37 1402 p
116 1342 265 1404 quaeque
277 1327 465 1404 imperaverit
480 1329 576 1388 lacere
591 1334 620 1388 et
639 1329 673 1388 L.
692 1329 852 1388 Domitium
867 1327 969 1388 vivum
991 1327 1053 1386 eius
1068 1325 1202 1405 potestati

118 1411 254 1470 tradere.
566 1451 568 1455 -

217 1491 269 1554 21.
301 1493 415 1566 Quibus
432 1493 521 1554 rebus
545 1495 667 1572 cognitis
681 1496 786 1558 Caesar
802 1495 856 1555 etsi
874 1495 973 1572 magni
990 1495 1131 1555 interesse
1152 1513 1202 1554 ar·

122 1575 293 1638 bitrabatur
308 1595 397 1656 quarn
412 1577 542 1656 primum
559 1579 668 1655 oppido
685 1579 772 1657 potiri
788 1580 984 1656 cohortesque
1007 1578 1042 1638 ad
1061 1597 1092 1638 se
1108 1578 1139 1637 in
1153 1597 1202 1637 ca-
1233 1593 1236 1598 ’

124 1670 191 1722 stra
206 1661 369 1735 traducere,
391 1679 501 1741 nequa
519 1670 569 1722 aut
586 1663 786 1741 largitionibus
807 1669 858 1722 aut
876 1661 965 1722 animi
981 1662 1203 1722 confirmatione

125 1755 182 1808 aut
204 1747 283 1808 falsis
306 1747 417 1809 nuntiis
446 1747 636 1808 commutatio
664 1747 746 1808 tieret
771 1747 938 1819 voluntatis,
964 1746 1045 1824 quod
1068 1763 1155 1824 saepe
1171 1746 1203 1806 iu

125 1829 206 1892 bello
223 1832 321 1911 parvis
337 1832 494 1892 momentis
510 1832 609 1911 magni
627 1851 711 1893 casus
728 1832 950 1904 intercederent,
970 1839 1068 1892 tamen
1084 1831 1202 1903 veritus
1217 1847 1232 1894 2

127 1933 169 1976 ne
184 1917 308 1977 militum
323 1917 445 1978 introitu
468 1925 496 1977 et
510 1917 648 1977 nocturni
671 1918 811 1997 temporis
827 1917 942 1978 licentia
965 1917 1106 1994 oppidum
1129 1915 1202 1976 diri·

18 2077 21 2088 ,
127 2010 258 2078 peretur,
273 2021 334 2076 eos,
354 2001 405 2080 qui
424 2012 572 2076 venerant,
594 2003 737 2063 collaudat
754 2012 841 2082 atque
860 2002 892 2063 in
911 2002 1054 2080 oppidum
1077 2000 1203 2073 dimittit,

128 2093 229 2164 portus
248 2105 410 2166 murosque
428 2087 571 2150 asservari
589 2088 678 2148 iubet.
714 2089 781 2166 lpse
794 2087 827 2148 in
841 2087 878 2148 iis
896 2085 1044 2165 operibus,
1062 2104 1137 2164 quae
1156 2088 1201 2145 fa·
1217 2101 1232 2150 3

129 2187 196 2231 cere
211 2171 384 2245 instituerat,
400 2173 504 2234 milites
520 2173 648 2251 disponit
661 2191 723 2232 non
742 2173 830 2233 certis
844 2172 944 2251 spatiis
962 2169 1147 2244 intermissis,
1169 2179 1203 2231 ut

129 2263 190 2316 erat
206 2257 396 2335 superiorum
410 2257 526 2318 dierum
540 2258 733 2330 consuetudo,
747 2257 797 2318 sed
814 2257 963 2336 perpetuis
980 2255 1085 2334 vigiliis
1100 2255 1202 2316 statio-

129 2461 286 2508 munttr'mm
308 2473 330 2506 c.
354 2460 400 2519 20,
426 2461 449 2509 4.
467 2485 500 2494 -
515 2461 641 2519 matraio:

129 2525 321 2590 proisgcgebcn,
353 2524 387 2573 im
404 2523 489 2574 Sticho
518 2524 642 2588 gelasscn,

131 2607 152 2642 c.
179 2594 220 2654 30,
246 2595 274 2643 5:
301 2596 434 2653 protectum
460 2609 488 2642 ao
508 2595 642 2653 modum,

131 2662 156 2722 2,
177 2661 217 2722 32,
236 2661 266 2712 8,
290 2663 393 2722 proiecit
424 2676 472 2710 von
502 2660 643 2710 demselben

131 2727 251 2810 Vcrratb'
271 2728 314 2778 dos
343 2728 465 2779 Domitius
495 2730 642 2800 (προϊέναι,

131 2795 644 2931 ttttltbmltlltltttt

131 2935 175 2984 der
197 2933 359 2984 Redexionou
383 2935 427 2984 dcr
449 2934 570 2984 Soldutcn
596 2935 642 2985 be-

131 3003 235 3052 sondcrs
263 3001 303 3054 dic
337 3001 429 3054 Worto
458 3007 540 3054 dedere
567 3021 592 3055 ee
608 3029 641 3042 -

130 3073 227 3136 baim,
266 3071 306 3122 dic
342 3072 387 3121 das
421 3069 557 3136 Ergobuiss
591 3071 642 3121 und

130 3138 323 3202 Rusultutjcucr
329 3138 537 3190 Gedaukeurcibe
548 3138 641 3204 bildcu,

131 3223 171 3258 wo
189 3206 239 3257 wir
255 3208 296 3258 oin
308 3203 384 3258 ‘also’
399 3209 524 3272 crgduzcu
535 3208 641 3258 kdnu'en.

131 3275 297 3341 (Ntigclsbaeb
315 3275 371 3326 Lat.
389 3276 513 3340 Stilistik,
536 3292 559 3342 p.
579 3278 642 3328 558:

129 3339 288 3410 ‘Asyudctou
305 3341 510 3405 summativum’.)

693 2457 861 2519 bestimmuug
884 2457 929 2505 dos
951 2454 1115 2518 allgcmciucu
1143 2471 1206 2518 quaa

694 2527 842 2590 tpmrabant
878 2523 1002 2585 soca,
1023 2525 1051 2584 1,
1076 2525 1106 2585 2,
1130 2525 1204 2586 tta

693 2593 744 2642 und
764 2593 790 2641 B.
809 2589 838 2641 G.
858 2594 882 2653 5,
902 2593 943 2653 53,
962 2593 985 2642 4.

730 2663 752 2712 5.
768 2670 869 2722 parator
883 2663 983 2722 aporire.
1002 2657 1026 2708 S.
1045 2674 1076 2707 zu
1096 2674 1117 2706 c.
1138 2662 1162 2720 l,
1182 2663 1205 2711 7.

729 2725 781 2784 21.
820 2731 840 2780 1.
864 2732 952 2790 pareto
982 2731 1105 2778 uwnunttb
1135 2727 1205 2776 uicbt

693 2791 1204 2861 iuzeitlicbcrllcdcutung‘Augoublick’,

692 2867 800 2916 scudem
819 2887 854 2908 =
871 2866 950 2915 durcb
967 2863 1206 2930 goriugclliutliisse,

692 2934 881 2984 nubctleutcnde
899 2933 1042 2984 Unstttnde.
1077 2933 1112 2996 (B.
1130 2931 1160 2984 G.
1180 2937 1204 2996 7,

694 3005 735 3066 39,
756 3004 787 3065 3).
805 3030 838 3038 -
861 3006 946 3068 macno·
965 3019 1033 3054 arom
1055 3007 1147 3053 interd:
1177 3016 1204 3051 cs

692 3077 778 3122 treton
819 3071 972 3122 bcdcutcudc
1008 3067 1205 3120 Zwisohcul'dlle

693 3139 741 3190 cin.
776 3137 824 3188 ltin
861 3139 945 3203 bilulig
977 3141 1205 3205 ausgesprocbcuer

693 3206 822 3258 Gadaukc.
857 3207 881 3258 S.
906 3210 929 3270 3,
955 3211 996 3267 08,
1024 3211 1051 3270 1,
1070 3209 1094 3270 3,
1113 3211 1154 3270 tc,
1175 3209 1204 3268 2,

693 3274 848 3338 cierunt,
859 3278 897 3338 10,
904 3279 950 3329 26:
965 3279 1073 3326 minr'rm's
1083 3279 1206 3326 mmmm&

693 3347 810 3395 mactmus
854 3347 1020 3395 tadinatem
1073 3355 1206 3406 temporum

167 3415 190 3464 3.
213 3414 297 3463 Marri
316 3427 337 3462 c.
364 3415 403 3475 15,
423 3417 446 3465 l.
464 3441 497 3448 -
515 3415 643 3464 moleretur.
687 3417 756 3477 flunt
773 3429 827 3462 oum
843 3415 871 3462 in
888 3416 956 3462 omni
976 3430 1033 3463 casu
1055 3414 1205 3475 respublicae,

131 3479 274 3544 Allordings
293 3481 386 3531 lonnto
405 3495 432 3530 os
446 3481 509 3530 auch
520 3483 644 3532 liddam

131 3549 239 3612 baissau,
258 3549 297 3598 als
314 3547 458 3614 Erkliiruug
475 3550 519 3600 des
536 3547 643 3598 sutrin.

131 3617 246 3681 stellers3
278 3619 323 3668 dor
346 3616 475 3668 Coniunct.
499 3615 537 3666 als
561 3616 644 3668 lnbult

131 3687 176 3737 dor
193 3685 357 3751 Vorstelluug
374 3687 419 3736 der
436 3685 515 3736 Marsi
537 3686 587 3735 uud
605 3686 643 3736 als

133 3754 221 3807 Grund
237 3756 283 3805 dor
299 3755 439 3818 Bcsetzung
456 3755 537 3804 dieses
548 3753 643 3804 'l'beils

166 3827 189 3876 4.
203 3833 259 3888 pont
270 3827 354 3886 paulo.
385 3821 412 3872 ln
429 3822 512 3873 dieser
529 3821 645 3886 Stollung

133 3893 196 3941 noch
219 3893 245 3941 B.
270 3890 300 3942 G.
325 3896 353 3954 7,
372 3895 418 3954 00,
445 3894 469 3943 4.
488 3919 521 3927 -
538 3893 646 3956 desuper

132 3955 167 4008 ‘iu
184 3959 285 4023 bouet,
305 3955 458 4024 bcziigliclr’,
486 3959 525 4009 als
551 3959 644 4009 u'a'berc

693 3491 744 3532 tum
761 3485 789 3530 in
808 3483 866 3531 ballo
881 3491 903 3532 et
923 3484 1024 3531 macione
1041 3483 1114 3532 esbal.

695 3563 697 3568 '
721 3547 1206 3611 baucoartsbcobachteu,bewacbeu,

694 3617 744 3668 wie
768 3615 785 3682 ᾗ
815 3621 829 3669 b
854 3621 953 3667 vocabor
976 3620 1054 3667 eostur
1078 3627 1206 3680 comum,

695 3686 894 3750 mbffib

731 3757 754 3806 3.
769 3757 893 3815 perpetuis
903 3755 994 3818 opaco
1009 3755 1206 3820 statrbm'bucqtte,

696 3822 753 3873 Abl.
778 3822 823 3872 der
846 3821 895 3872 Art
919 3821 968 3872 und
993 3821 1094 3872 Weiss:
1125 3821 1207 3872 iudom

697 3891 737 3941 dic
773 3889 888 3942 Wacbcu
931 3891 981 3940 und
1018 3889 1111 3940 Posteri
1152 3889 1207 3940 cino

695 3960 928 4010 unnutcrbrocbcuo
946 3959 1024 4010 ltcibc
1042 3959 1161 4020 bildatcu,
1180 3956 1206 4007 iu
