2880 4612
612 315 653 367 nr.
674 318 784 370 aa-aa.
1175 313 1237 380 183

168 469 244 542 iecit,
258 478 292 530 ut
303 470 391 531 simul
406 470 508 532 adesse
526 479 555 533 et
568 471 669 532 venire
683 472 876 543 nuntiaretur,
892 479 922 532 et
936 489 996 550 quo
1008 470 1063 532 iter
1073 469 1245 550 expeditius,

167 557 283 630 faceret,
305 555 342 616 M.
356 552 521 618 Favonium
537 557 573 617 ad
589 557 700 618 flumen
715 557 922 629 Aliacmonem,
939 555 1019 635 quod
1035 556 1236 617 Macedoniam

166 640 346 701 a'lbessalia
364 641 474 714 dividit,
497 659 566 702 cum
587 641 760 703 cohortibus
775 661 830 702 vni
852 640 997 721 praesidio
1018 640 1235 720 impedimentis

166 726 317 804 legionum
327 727 451 804 ‚reliquit
465 727 674 806 castellumque
688 727 728 789 ibi
745 726 852 787 muniri
866 726 959 788 iussit.
975 725 1088 787 Eodem
1103 734 1235 805 tempore
1249 735 1266 786 4

167 811 312 890 equitatus
337 812 414 891 regis
443 811 541 892 Cotyis
565 812 601 873 ‘ad
627 820 720 874 castra
746 811 826 873 Cassi
853 810 1010 885 advolavit,
1046 811 1097 889 qui
1124 811 1235 871 circum

167 895 344 958 Thessaliam
372 915 437 958 esse
461 905 624 958 consuerat.
668 899 746 958 Tum
781 897 887 958 timore
919 896 1091 976 perterritus
1120 893 1265 959 Gassiusb

168 982 284 1060 cognito
314 982 458 1061 Scipionis
486 983 613 1044 adventu
641 983 771 1061 visisque
798 981 959 1061 equitibus,
987 1000 1063 1060 quos
1092 981 1236 1060 Scipionis

168 1085 231 1128 esse
252 1066 461 1140 arbitrabatur,
480 1069 516 1129 ad
538 1075 654 1129 montes
675 1087 707 1129 se
729 1068 881 1142 convertit,
903 1067 953 1147 qui
971 1066 1150 1128 Thessaliam
1172 1066 1235 1126 cin·

168 1160 256 1231 gunt,
285 1160 372 1230 atque
394 1153 494 1214 erbis
514 1153 586 1215 locis
607 1153 792 1214 Ambraciam
814 1171 918 1214 versus
939 1153 994 1214 iter
1016 1155 1111 1214 facere
1133 1150 1236 1230 coepit.

167 1238 205 1298 m
225 1237 393 1316 Scipionem
414 1246 622 1318 properantem
639 1239 723 1317 sequi
743 1239 853 1300 litterae
876 1245 946 1299 sunt
966 1245 1139 1298 consecutae
1160 1255 1177 1296 a
1199 1237 1265 1304 lle

65 1367 81 1391 ,
167 1322 307 1396 Favonio,
329 1323 489 1384 Domitium
512 1342 581 1385 cum
598 1324 764 1403 legionibus
775 1324 876 1385 adesse
891 1341 988 1401 neque
1003 1341 1034 1384 se
1048 1321 1235 1402 praesidium,

168 1407 218 1466 ubi
232 1408 407 1468 constitutus
422 1416 506 1481 esset,
528 1409 591 1469 sine
607 1409 713 1469 auxilio
728 1409 873 1488 Scipionis
889 1417 990 1469 tenere
1004 1425 1100 1486 posse.
1122 1405 1236 1481 Quibus
1250 1427 1265 1476 τ

166 1492 267 1554 litteris
297 1493 422 1571 acceptis
452 1493 608 1554 consilium
634 1493 731 1572 Scipio
753 1495 868 1572 iterque
893 1501 1069 1564 commutat3
1105 1491 1236 1553 Cassium

167 1578 251 1655 sequi
271 1578 389 1650 desistit,
407 1577 538 1638 Favonio
557 1578 698 1640 auxilinm
720 1582 797 1639 ferre
819 1578 976 1639 contendit.
1019 1578 1119 1654 ltaque
1139 1576 1185 1636 die
1204 1587 1265 1638 ac8

167 1671 253 1723 noete
272 1663 442 1725 continuato
464 1663 568 1724 itinere
590 1663 625 1723 ad
647 1680 715 1724 euru
737 1663 879 1744 pervenit,
899 1671 958 1724 tam
975 1670 1144 1740 opportuno
1160 1668 1236 1720 tem-

167 1766 255 1827 pore,
285 1758 319 1809 ut
340 1748 428 1809 simul
448 1749 606 1810 Domitiani
628 1749 772 1810 exercitus
795 1747 890 1827 pulvis
911 1754 1082 1807 cerneretur
1101 1755 1130 1806 et
1150 1744 1238 1822 primi

167 1839 372 1894 antecursores
394 1832 538 1913 Scipionis
560 1834 739 1894 viderentur.
766 1835 809 1894 lta
831 1833 928 1894 Cassio
949 1831 1092 1892 industria
1111 1830 1237 1903 Domitii,

166 1918 297 1978 Favonio
319 1918 464 1997 Scipionis
481 1919 610 1981 celeritas
633 1921 756 1980 salutem
778 1919 879 1981 attulit

252 2001 303 2065 37.
332 2003 429 2082 Scipio
451 2003 576 2066 biduum
596 2004 628 2064 in
650 2005 751 2066 castris
771 2004 879 2066 stativis
902 2011 1033 2063 moratus
1055 2001 1090 2062 ad
1116 2001 1237 2073 flumen,

167 2088 249 2166 quod
270 2088 346 2150 inter
368 2107 437 2149 eum
460 2097 488 2150 et
501 2090 620 2150 Domitii
642 2098 735 2152 castra
757 2089 880 2162 fluebat,
902 2089 1119 2159 bliacmonem,
1150 2086 1235 2147 tertio

167 2173 214 2234 die'
229 2173 324 2253 prima
341 2174 406 2234 luce
427 2175 587 2236 exercitum
608 2177 683 2236 vado
700 2176 825 2237 traducit
839 2181 868 2235 et
883 2173 983 2234 castris
998 2172 1101 2252 positis
1117 2178 1235 2250 postero

167 2259 214 2319 die
244 2277 329 2319 mane
358 2259 455 2338 copias
481 2269 546 2321 ante
575 2262 704 2323 frontem
734 2268 899 2322 castrorum
920 2258 1047 2319 iustruit
1091 2257 1265 2321 bomidusa

168 2353 230 2406 tum
263 2362 383 2423 quoque
412 2344 467 2406 sibi
497 2345 690 2406 dubitandum
720 2364 782 2405 non
814 2343 939 2423 putavit,
978 2342 1051 2420 quin
1086 2341 1237 2418 productis

166 2429 330 2509 legionibus
348 2429 460 2508 proelio
484 2430 658 2504 decertaret3
688 2430 753 2502 sed,
773 2447 842 2490 cum
864 2437 940 2489 esset
957 2427 1034 2488 inter
1054 2425 1123 2486 bina
1145 2435 1238 2486 castra

204 2601 227 2651 3.
251 2609 277 2650 ut
293 2603 367 2649 simut
384 2601 464 2650 aduae
480 2609 501 2650 et
517 2602 599 2650 amira
617 2615 680 2650 neec
731 2596 903 2648 enmeblossen
915 2609 1039 2660 genesen,
1058 2594 1238 2645 denFavonins

167 2673 280 2720 timetur:
298 2683 327 2718 er
343 2666 429 2718 l'ribrte
447 2668 494 2718 den
505 2683 555 2718 von
568 2667 680 2718 nieman·
730 2663 905 2731 auzugreiieu3
930 2678 959 2715 er
976 2666 1079 2728 eligente
1096 2663 1157 2714 aber
1174 2665 1240 2713 auch

168 2737 224 2787 dem
241 2737 366 2801 geabnteu
377 2735 523 2787 llutscbluss
538 2752 566 2786 so
584 2736 680 2787 scbuell
727 2734 794 2798 Jetzt
811 2734 889 2797 nicht,
907 2748 948 2782 wo
960 2732 1044 2798 Scipio
1056 2738 1241 2782 uuerwarteter

167 2821 227 2868 aus,
257 2806 315 2855 dass
342 2806 382 2855 die
406 2803 557 2869 Nacbricbt‚
589 2820 617 2856 er
642 2805 679 2856 sci
729 2801 1239 2867 Weiseangekommenwar,dioScblacbt

167 2875 310 2938 subcruda,
331 2874 377 2924 mit
397 2874 455 2937 der,
482 2875 539 2924 dass
558 2889 586 2924 er
603 2874 678 2924 'cilter-
729 2873 904 2923 auzuuebruen.
930 2872 1026 2935 Quoque
1043 2887 1093 2920 non
1111 2893 1146 2912 =
1162 2887 1238 2920 ne—

167 2945 246 3009 baupt
263 2943 297 2992 im
314 2942 416 3007 bnzuge
435 2943 485 3006 sei,
514 2942 628 3008 augleicb
652 2943 678 2992 in
728 2945 830 3008 quidem,
848 2939 898 2990 wie
918 2944 987 2990 amm
1004 2941 1068 2989 nibil
1081 2942 1102 3000 1,
1114 2941 1154 3002 85,
1166 2942 1189 2992 9.
1205 2965 1238 2974 -

166 3011 315 3063 Thessalico
334 3011 445 3061 bekannt
463 3013 557 3062 wurde.
728 3011 885 3061 dubitandum
900 3025 949 3060 non
961 3012 1065 3070 putavit
1084 3011 1142 3058 Non
1158 3011 1239 3059 dtebito

203 3084 226 3134 4.
252 3085 316 3146 repta
338 3083 430 3142 Cotyis:
457 3095 477 3131 c.
498 3084 523 3144 4,
543 3083 565 3132 3.
584 3107 617 3116 -·
635 3084 679 3144 qui
728 3078 783 3128 ich
800 3084 894 3141 trago
912 3077 987 3127 keiu
1005 3077 1174 3128 Bedenkeu
1194 3077 1239 3126 bat

168 3149 312 3215 (equitatus)
341 3155 431 3200 circum
457 3152 601 3200 Thessaliam
630 3165 678 3199 ease
729 3145 888 3210 gewohnlicn
906 3144 1073 3196 donlnfinitiv
1091 3147 1156 3195 uach
1174 3145 1237 3207 sich,

167 3228 302 3270 consumat:
317 3216 678 3276 auverscbiedenenRunkteu
728 3216 806 3266 findet
830 3213 885 3265 sicb
909 3214 969 3265 uber
994 3216 1058 3264 anob
1082 3214 1166 3279 b‘aiulig
1193 3212 1238 3263 mit

167 3303 199 3338 an
220 3287 267 3337 den
280 3285 393 3338 Greuzen
407 3285 581 3349 lbessaliens3
603 3288 624 3348 1,
636 3288 678 3349 37,
728 3290 788 3348 quin
806 3283 963 3347 verbunden
990 3299 1011 3333 z.
1030 3283 1055 3332 B.
1073 3283 1100 3332 B.
1119 3279 1149 3332 G.
1167 3285 1192 3346 2,
1212 3285 1237 3344 2,

171 3360 200 3420 13
218 3356 245 3408 B.
257 3353 286 3405 G.
306 3357 330 3418 6,
349 3357 390 3418 24,
409 3357 437 3406 2:
456 3372 518 3419 quae
523 3356 679 3419 fertilibaima
729 3357 760 3416 43
786 3351 836 3404 Cio.
863 3352 894 3403 de
920 3351 977 3419 imp.
1003 3351 1046 3400 Cu.
1067 3349 1167 3416 Pompei
1195 3353 1237 3413 23,

167 3435 227 3476 eunt
244 3428 294 3474 bea
312 3429 401 3474 circum
418 3427 567 3486 Hercynium
585 3427 677 3474 cuam.
729 3424 776 3476 68:
804 3425 876 3472 notite
893 3423 1013 3484 dubitare,
1037 3425 1098 3484 quin
1120 3423 1176 3468 huic
1192 3422 1239 3468 una·

204 3495 227 3545 6.
243 3496 392 3554 mamutium
410 3492 465 3542 bier
482 3493 521 3542 eiu
539 3491 585 3541 mit
596 3490 679 3558 Trup-
728 3495 829 3542 macte
863 3495 959 3555 omnia5
988 3504 1011 3554 p.
1040 3485 1092 3537 Mil.
1119 3489 1162 3550 23,
1191 3488 1238 3539 63:

69 3539 83 3556 ⁴
167 3577 215 3629 pen
238 3561 364 3612 besetzter
388 3559 466 3611 festor
490 3559 563 3611 Platz
589 3561 618 3624 (c.
637 3563 678 3623 45,
727 3562 965 3610 mutuatantes-non
975 3556 1238 3619 wddatummsortem

168 3635 198 3694 23
221 3630 248 3680 Β.
276 3628 305 3680 G.
329 3631 358 3690 6,
385 3631 434 3693 34,
456 3631 486 3693 4),
505 3630 548 3680 das
566 3627 583 3695 ἦ
602 3631 617 3682 3
637 3644 679 3680 or·
727 3634 822 3686 cirum,
853 3630 913 3690 quin
938 3629 1027 3676 cederet
1054 3641 1127 3689 aequo
1157 3629 1237 3674 animo

168 3699 270 3749 wiibute
288 3703 414 3750 multum
729 3700 824 3762 lepidus.
843 3722 877 3731 —
894 3698 980 3745 eastris
997 3697 1061 3756 Sep,
1080 3697 1152 3743 mem
1169 3710 1237 3743 mm

206 3763 258 3826 37.
284 3769 306 3819 1.
329 3771 389 3818 vado
411 3769 522 3818 traducit.
557 3766 614 3815 Abl.
640 3765 679 3815 in·
728 3767 835 3816 mbiecit:
868 3763 955 3814 riickte
984 3764 1048 3813 nabe
1083 3769 1158 3813 unter
1192 3762 1237 3812 des

167 3844 268 3899 strum,
292 3835 385 3886 wiell.
407 3833 436 3886 G.
464 3838 492 3898 1,
511 3837 540 3899 6,
567 3838 596 3888 2:
620 3839 680 3885 cado
729 3833 812 3898 leger
837 3833 880 3882 des
907 3831 972 3898 Scip.
999 3833 1084 3883 boran.
1121 3831 1154 3882 So
1180 3829 1197 3896 ξ
1221 3832 1236 3882 3

166 3908 293 3958 mater.
728 3907 796 3953 meua
808 3903 924 3952 euticem
937 3905 1033 3966 coctam
1052 3915 1072 3952 e.
1087 3903 1127 3964 56,
1149 3903 1177 3963 13
1196 3900 1237 3961 84,

204 3977 228 4027 2.
258 3985 308 4024 tum
337 3989 442 4037 quoque:
474 3971 597 4022 Domitius
623 3987 679 4022 war
729 3973 760 4034 23
778 3973 818 4034 85,
839 3973 859 4023 l.
