2880 4612
575 327 577 332 '
628 317 668 369 lll.
692 320 747 372 112.
1149 317 1213 382 249

143 491 199 551 pro
230 491 318 532 muro
349 472 474 534 obiectas
503 473 623 534 haberet
649 492 708 534 neu
743 474 879 534 dimicare
915 473 1023 533 invitus
1051 480 1212 551 cogeretur.

143 558 267 618 Interim
289 557 347 618 filia
369 557 467 618 minor
487 555 648 620 Ptolomadi
669 558 745 636 regis
762 576 882 619 vacuam
898 557 1115 636 possessionem
1130 558 1242 636 reguis

143 661 271 721 sperans
305 643 341 703 ad
376 643 517 704 Achillam
550 663 614 704 sese
649 662 685 703 ex
720 643 799 721 regia
826 641 936 703 traiecit
960 659 1076 719 unaque
1104 641 1212 701 hellurn

143 727 351 788 administrare
372 729 475 806 coepit.
519 729 575 790 Sed
605 728 735 788 celeriter
757 735 801 788 est
825 728 973 787 intereos
996 726 1031 787 de
1050 726 1214 806 principatu
1229 739 1260 790 10

143 812 348 872 controversia
359 820 437 885 orta3
460 831 533 892 quae
547 831 595 873 res
611 813 689 891 apud
704 813 807 875 milites
820 812 984 891 largitiones
1000 812 1087 884 auxit,
1101 811 1214 890 magnis

143 897 227 958 enim
248 897 365 958 iacturis
387 898 441 958 sihi
457 899 582 976 quisque
598 915 702 958 eorum
719 898 833 958 animos
850 896 1027 957 conciliabat
1049 897 1127 958 llaec
1142 896 1213 957 dum
1229 902 1259 954 11

143 981 226 1060 apud
250 982 348 1042 hostes
368 991 527 1060 geruntur,
547 983 691 1043 Pothinus
713 977 867 1066 [nutricius
888 981 973 1060 pueri
995 988 1024 1041 et
1039 989 1215 1060 procurator

142 1067 246 1146 regni,
282 1067 314 1126 in
341 1075 422 1145 parte
444 1067 597 1144 Caesaris]‚
633 1085 701 1128 cum
725 1068 761 1127 ad
781 1067 920 1128 Achillam
942 1067 1062 1127 nuntios
1091 1067 1217 1127 mitteret

142 1151 384 1229 hortareturque,
406 1170 443 1212 ne
464 1153 580 1232 negotio
602 1152 754 1214 desisteret
771 1171 845 1212 neve
861 1152 957 1212 animo
975 1152 1117 1224 deficeret,
1136 1151 1214 1210 indi-

144 1237 218 1297 catis
258 1237 507 1316 deprehensisque
541 1237 728 1298 internuntiis
765 1257 781 1298 a
813 1238 934 1298 Caesare
963 1245 1007 1297 est
1034 1236 1215 1297 interfectus.

72 1359 85 1380 1
144 1321 227 1382 llaec
249 1321 329 1383 initia
351 1322 418 1382 helli
439 1321 627 1384 Alexandrini
646 1324 777 1384 fuerunt
1027 1321 1029 1328 ’

144 1505 323 1572 reliqualoea,
336 1505 422 1570 quihus
436 1521 512 1556 naves
529 1505 658 1572 excipiun-
709 1509 796 1556 medem
813 1508 961 1566 eunuchum,
986 1509 1119 1555 nutricium
1137 1521 1216 1568 auum,

143 1581 201 1638 tur,
237 1574 263 1623 in
287 1574 331 1624 der
347 1572 419 1624 Neue
439 1573 482 1624 dos
500 1571 604 1638 Halous,
637 1590 658 1624 e.
708 1585 780 1638 atque
796 1576 918 1624 Acastum
933 1577 1056 1636 interficit.
1073 1599 1106 1608 -
1124 1577 1217 1637 καμπὰς

147 1645 207 1706 111,
224 1645 248 1694 6.
708 1647 824 1712 maturat:
853 1639 945 1707 Opsecr,
976 1641 1015 1690 die
1045 1640 1082 1691 sie
1112 1640 1215 1704 bringon

180 1714 205 1764 9.
237 1713 296 1773 fllia
329 1712 409 1760 asinar
437 1711 580 1760 Ptolomaei:
619 1709 658 1760 die
708 1717 834 1772 masten,
858 1725 899 1760 um
921 1710 961 1760 die
982 1708 1095 1775 'lhuppen
1119 1725 1150 1758 zu
1172 1723 1217 1772 ge-

144 1778 262 1829 Arsinoo.
289 1777 330 1828 ste
348 1778 467 1828 bennato
487 1778 527 1828 die
544 1778 658 1842 giinstige
708 1779 816 1830 winuon.
842 1778 867 1828 B.
886 1777 916 1830 G.
934 1781 958 1840 6,
979 1781 1018 1840 12,
1038 1780 1069 1829 2:
1085 1794 1169 1841 eosque
1185 1777 1219 1826 ad

145 1845 330 1910 Gelegenhait,
371 1847 404 1895 da
438 1847 483 1897 dor
516 1844 599 1910 Rdnig
632 1847 658 1896 in
709 1866 733 1900 aa
749 1851 843 1914 maenia
853 1851 955 1898 hormie
960 1847 1218 1911 pollicitationibusque

145 1915 242 1966 Glisars
260 1913 361 1966 Gowalt
377 1929 448 1978 war,
480 1915 534 1965 sich
563 1930 594 1965 aa
618 1915 658 1965 die
703 1921 880 1980 perduxerunt.

145 1983 234 2051 Spitze
252 1980 442 2034 deshulstands
459 1999 490 2034 zu
506 1984 658 2035 stellouund
746 1989 785 2038 11.
816 1990 843 2036 tn
861 1995 935 2048 parte
951 1986 1073 2046 maris,
1108 1982 1132 2032 iu
1163 1983 1218 2032 dom

145 2054 209 2119 floh,
226 2053 380 2102 unterstiitzt
392 2052 469 2103 durch
483 2053 555 2103 ihren
565 2052 658 2104 Giinst-
708 2053 796 2106 Thalle
824 2054 869 2104 dor
892 2052 979 2116 stadt,
1010 2053 1037 2103 in
1060 2053 1114 2102 dem
1138 2051 1218 2101 Cisar

145 2121 216 2186 ling,
248 2121 294 2171 den
323 2119 458 2187 Eunuchos
492 2121 658 2189 Ganymedes,
708 2139 771 2187 war,
801 2123 850 2173 wie
876 2122 903 2172 B.
932 2121 1004 2174 Alex.
1037 2124 1060 2184 6,
1093 2124 1120 2174 1:
1157 2123 1219 2170 hono

146 2205 194 2239 aus
226 2189 280 2239 dor¹
298 2189 370 2253 Burg.
404 2190 431 2240 B.
460 2189 533 2242 Alex.
565 2195 596 2255 4,
631 2193 658 2254 13
702 2194 813 2256 sundere
830 2196 965 2254 inpurum
982 2194 1089 2241 Caesarei
1106 2189 1157 2239 und
1175 2191 1216 2251 32,
1304 2191 1305 2194 ’

148 2257 221 2306 Cass.
238 2256 285 2305 Dio
303 2260 344 2320 42,
364 2259 404 2311 39.
709 2265 738 2312 4:
769 2263 857 2311 ansar
880 2263 908 2309 in
931 2276 999 2309 cuam
1021 2269 1116 2320 partem
1135 2260 1219 2319 oppida·

187 2327 226 2376 10.
249 2328 312 2374 inter
335 2341 386 2374 eos:
411 2325 535 2376 zwisohon
553 2325 659 2375 Arsinoe
708 2332 780 2380 canit.
814 2326 898 2377 lndcss
916 2327 1031 2376 sehoinen
1050 2325 1091 2376 die
1113 2326 1217 2374 sumnt-

147 2391 329 2442 undAchillas.
347 2391 372 2441 B.
385 2392 457 2442 Alex.
470 2396 495 2455 4,
512 2397 538 2445 1:
556 2396 659 2444 Interim
709 2395 791 2445 lichen
809 2395 1046 2458 eingoklummerteu
1063 2393 1156 2445 Worte
1173 2410 1218 2443 un·

146 2463 299 2510 decessione
315 2469 369 2510 orta
385 2466 449 2512 inter
465 2465 599 2525 Acdtllam
617 2465 662 2525 qui
709 2464 769 2513 heht
792 2479 822 2512 zu
846 2462 913 2525 sein,
944 2463 976 2512 du
994 2463 1073 2512 Cdsar
1095 2463 1172 2512 sehon
1195 2476 1217 2512 o.

147 2539 260 2580 veterano
280 2532 527 2592 mutuaenutuae,
544 2540 567 2581 et
583 2532 659 2580 Arsi-
712 2533 773 2594 108,
801 2534 813 2583 1
838 2537 927 2595 gesagt
944 2533 1000 2581 hat:
1037 2533 1101 2582 mar
1118 2534 1145 2579 in
1158 2547 1219 2592 pro-

147 2615 220 2662 noen,
238 2625 272 2634 —
296 2614 349 2648 eum
367 2609 465 2662 uterque
483 2603 579 2662 utrique
596 2602 659 2650 om’·
708 2604 830 2650 mationa
848 2605 918 2666 requi
933 2627 967 2636 -—
983 2603 1105 2651 numum
1122 2602 1218 2649 ciuem*

147 2671 259 2719 deleretur
276 2677 298 2718 et
313 2683 429 2717 mmmam
446 2671 543 2730 imperii
557 2671 661 2719 altmaro
708 2671 833 2720 Pothinus.

147 2741 223 2802 vellet,
235 2745 395 2798 praeoccupat
403 2739 509 2788 Arsinoe
515 2754 562 2799 por
575 2738 657 2800 easy·
