2812 4586
545 350 586 435 iu.
605 386 715 438 or-on
987 395 988 400 ¹
1036 460 1041 476 ,
1099 385 1161 451 211

89 538 224 599 acastris
235 538 272 599 ad
283 539 394 600 llnmen
405 557 494 619 supra
504 539 781 611 demonstravimus,
797 539 891 600 dextri
905 540 1035 602 Caesaris
1053 559 1163 603 cornus

89 624 228 685 cohortes
250 623 414 702 ignorantia
436 625 492 685 loci
514 633 585 686 sunt
606 633 731 697 secutae,
754 642 824 685 cum
846 633 963 703 portam
986 635 1163 704 quaererent

89 716 324 787 castrorumque
333 728 397 770 eam
420 709 617 770 munitionem
637 728 701 770 esse
723 708 942 772 arbitrarentur
982 711 1069 784 Quod
1092 720 1190 771 eumn

90 801 167 854 esset
181 794 426 867 animadversum,
443 795 631 856 coniunctam
647 813 711 856 esse
727 794 852 867 flumini,
873 795 1004 873 prorutis
1019 794 1161 856 munitio-

91 878 179 939 nibus
191 878 243 939 del
229 879 366 940 tendente
377 841 457 940 nullo
470 879 723 952 transcenderunt,
733 879 891 998 omnisque
900 888 1002 940 noster
1016 880 1161 959 equitatus

89 982 139 1024 eas
161 964 298 1025 cohortes
320 973 365 1025 est
383 973 510 1025 secutus.
558 985 560 989 ’

175 1045 226 1110 69.
249 1049 369 1110 Interim
383 1048 543 1127 Pompeius
559 1050 613 1110 hac
629 1049 697 1109 satis
717 1049 805 1127 16636
817 1048 966 1110 interiecta
981 1067 1063 1109 mora
1079 1057 1108 1110 et
1128 1068 1161 1110 re

90 1133 220 1194 nuntiata
230 1153 248 1194 r
259 1135 388 1213 legiones
405 1134 441 1195 ab
452 1152 542 1213 opere
552 1133 692 1195 deductas
706 1132 837 1194 subsidio
853 1133 914 1194 suis
929 1133 1021 1206 duxit,
1038 1134 1161 1196 eodem·

87 1236 146 1295 que
163 1226 295 1297 tempore
311 1219 456 1298 equitatus
470 1219 533 1280 eius
550 1219 658 1280 nostris
681 1218 828 1296 equitibus
846 1218 1111 1298 appropinquabat,
1131 1227 1159 1280 et

87 1303 163 1363 acies
178 1304 346 1365 instructaa
359 1305 476 1377 nostris,
488 1304 540 1383 qui
551 1313 643 1366 eastra
653 1312 877 1382 occupaverant,
887 1303 1071 1378 cernebatur,
1089 1322 1158 1364 om-

89 1388 195 1468 niaque
210 1397 282 1464 sunt
295 1389 392 1450 subito
408 1395 527 1449 mutata.
554 1389 642 1469 Legio
659 1389 837 1466 Pompeiana
851 1389 952 1448 celeris
968 1407 1020 1468 spe
1035 1389 1188 1450 661611112

88 1473 260 1534 confirmata
276 1474 313 1533 ab
329 1475 491 1534 decumana
505 1482 590 1551 porta
604 1473 740 1534 resistere
757 1472 918 1532 conabatur
933 1481 1020 1550 atque
1035 1475 1112 1534 nltro
1128 1475 1159 1534 in
1237 1470 1240 1478 ’

88 1565 208 1618 nostros
221 1558 366 1637 impetum
382 1557 512 1618 faciebat.
543 1558 696 1636 Equitatus
718 1556 856 1630 Caesaris,
872 1557 953 1635 quod
969 1567 1093 1635 angusto
1108 1559 1156 1619 iti-

88 1661 160 1702 nere
176 1661 229 1720 per
243 1661 362 1721 aggeres
378 1641 560 1715 ascendebat,
580 1642 711 1720 receptui
733 1660 788 1702 suo
806 1642 913 1702 timens
934 1641 1051 1702 initium
1073 1645 1159 1722 fugae

89 1727 220 1787 iaciebat.
249 1729 392 1788 Dextrum
407 1746 512 1800 cornu,
529 1727 609 1806 quod
625 1735 717 1789 erata
738 1726 856 1786 sinistro
873 1726 1030 1799 seclusum,
1045 1735 1160 1788 terrore
1173 1731 1199 1780 3·

86 1811 221 1887 equitum
249 1811 463 1884 animadverso,¹
483 1831 521 1899 ne
547 1813 625 1873 intra
653 1812 849 1872 munitionem
879 1811 1105 1891 opprimeretur,
1127 1830 1160 1874 ea

88 1904 180 1972 parte,
197 1913 284 1974 quam
302 1915 338 1974 pr
340 1905 467 1969 oruerat
482 1890 546 1957 s'ese
558 1896 723 1976 recipiebat,
742 1915 775 1956 ac
789 1896 922 1993 pleriqne
943 1915 980 1956 ex
995 1896 1050 1970 his,
1073 1915 1112 1956 ne
1128 1897 1160 1956 in

87 1981 236 2058 angustias
252 1981 476 2056 inciderentur
492 2001 511 2041 x
525 1982 635 2060 pedum
651 1981 818 2042 munitione
833 2000 865 2042 se
885 1981 917 2042 in
934 1984 1028 2042 fossas
1043 1982 1158 2061 praeei-

88 2063 226 2142 pitabant,
245 2066 407 2145 primisque
426 2067 575 2145 oppressis
599 2067 704 2143 reliqui
724 2085 778 2145 per
800 2065 909 2126 horum
929 2084 1056 2145 corpora
1078 2067 1158 2128 salu-

86 2159 146 2210 tem
161 2149 217 2210 sibi
231 2159 317 2229 atque
332 2151 441 2212 exitum
458 2151 617 2230 pariebant.
648 2151 772 2212 Sinistro
792 2170 886 2211 cornu
902 2152 1016 2225 milites,
1032 2171 1101 2212 cum
1122 2171 1158 2213 ex
1172 2149 1188 2200 4

88 2235 162 2294 vallo
179 2235 354 2314 Pompeium
370 2236 471 2297 adesse
493 2245 521 2297 et
539 2255 610 2298 suos
632 2238 734 2314 lugere
755 2245 919 2309 cernerent,
934 2236 1026 2309 veriti,
1047 2255 1084 2297 ne
1103 2257 1158 2298 an-

87 2320 189 2398 gustiis
204 2321 479 2392 intereluderentur,
495 2339 563 2381 oum
575 2329 655 2381 extra
672 2328 699 2380 et
713 2321 793 2379 intus
809 2320 925 2380 hostem
941 2320 1158 2394 1616666166-

86 2405 165 2476 dem,
183 2421 241 2482 quo
257 2413 406 2478 venerant,
422 2413 542 2484 receptu
558 2404 613 2464 sihi
628 2403 830 2476 consulebant,
847 2404 1005 2482 omniaque
1017 2413 1099 2465 erant
1110 2414 1159 2467 tu·
1204 2479 1206 2484 Ι

88 2489 209 2562 multus,
226 2490 349 2562 timoris,
365 2492 451 2570 fugae
465 2490 560 2568 plena,
575 2489 646 2549 adeo
669 2497 710 2562 ut,
731 2506 800 2549 oum
817 2487 921 2549 Caesar
943 2488 1027 2568 signa
1040 2489 1158 2567 fugien-

85 2574 162 2634 tium
185 2593 275 2635 manu
297 2575 455 2652 prenderet
472 2582 501 2635 et
522 2574 682 2634 consistere
703 2573 826 2645 iuberet,
848 2573 895 2635 alii
915 2572 1049 2634 demissis
1070 2574 1159 2652 signis

124 2727 148 2776 2.
175 2742 262 2786 supra:
284 2741 305 2774 c.
331 2729 373 2788 66,
397 2729 420 2779 6.
439 2753 472 2761 -
489 2735 599 2776 6666166-
685 2727 709 2776 3.
726 2725 862 2787 infossae:
881 2739 902 2772 6.
920 2727 962 2786 46,
982 2726 1006 2775 3.
1042 2724 1067 2773 Β.
1086 2722 1116 2774 G.
1136 2728 1159 2788 l,

86 2804 166 2844 cotae-
185 2808 206 2842 c
225 2797 266 2855 49,
286 2796 309 2846 6
520 2838 523 2844 ,
651 2795 692 2856 82,
708 2795 730 2844 3.
754 2792 923 2842 Siemussten
940 2761 995 2842 6166
1009 2790 1161 2843 6161661666

124 2863 147 2913 3
165 2865 356 2924 6661666662,
377 2865 416 2924 16,
437 2865 458 2915 1
652 2860 1160 2926 19F.hernbsprmgen,vondem10F

123 2925 176 2986 69.
198 2932 260 2981 lab
273 2947 355 2992 opere:
367 2945 416 2980 von
429 2931 474 2982 der
487 2931 598 2981 861666-
649 2931 732 2980 hohen
749 2929 846 2981 Wall'
839 2945 863 2978 ιιι
880 2929 939 2978 den
943 2928 1008 2991 911,
1023 2929 1083 2979 oder
1097 2931 1162 2980 6661

86 2997 171 3048 arbeit
193 2998 235 3049 161
257 3000 312 3049 dem
336 2999 419 3063 Lager
442 3015 482 3050 am
506 2999 598 3050 Moero.
650 2997 976 3064 11116166684161511.
990 2997 1073 3048 Breite
1088 2997 1161 3051 ltF

86 3073 277 3131 -omm'oque
305 3077 361 3118 sont
388 3071 465 3118 661116
500 3077 599 3120 mutate.
649 3065 728 3117 116166
763 3065 936 3118 1166166-
965 3083 1013 3128 per
1047 3083 1160 3128 corporo:

86 3135 196 3186 11666116
230 3136 278 3186 166
308 3137 445 3202 pnssenden
480 3134 1159 3202 166666-11661116161166116663.Β.11.2,

86 3203 351 3254 66616616661166
377 3205 598 3268 vorhergehenden
652 3206 691 3267 10,
711 3205 734 3255 3.

87 3269 186 3338 Imperi.
684 3275 708 3324 4
729 3275 955 3323 intereluderentur
983 3273 1160 3334 1‚1r,1.·-

122 3343 146 3391 2
170 3341 200 3390 61
223 3343 351 3390 dammone
369 3350 451 3404 porea,
475 3341 520 3392 das
544 3340 599 3391 dem
650 3344 735 3404 66166,
760 3358 807 3405 quo
831 3350 952 3404 66666661,
977 3349 1078 3400 receptu.
1113 3338 1160 3388 tti-

86 3407 168 3458 Feiud
185 3407 365 3472 61366661616
382 3407 535 3473 16361166,
553 3409 598 3458 166
650 3408 762 3472 36611161
794 3409 869 3459 sollte
895 3424 922 3459 es
948 3408 1048 3458 1616666
1074 3411 1160 3468 eodan,

86 3479 144 3528 dem
164 3475 244 3526 Feind
267 3476 420 3540 6636161616
446 3477 512 3528 11666
528 3487 600 3538 porta
650 3494 701 3541 quo
718 3487 838 3539 66666661,
863 3480 980 3527 itinere
1002 3492 1026 3524 66
1042 3479 1161 3536 66616166-

50 3549 272 3611 ,666616666-
239 3549 375 3596 -ultro
401 3548 424 3607 1,
450 3547 491 3608 78,
516 3549 540 3598 6.
564 3571 597 3582 ·-
650 3556 692 3610 tes,
710 3541 1161 3608 dazuquoeenerantnichtre-

83 3618 151 3678 quod
181 3624 281 3679 6666616
302 3610 397 3664 'unae
422 3629 469 3674 per
503 3631 599 3680 6636666
650 3623 725 3676 raptu,
737 3613 905 3663 sondernnnr
923 3612 967 3660 das
985 3611 1161 3691 allgemeinere

81 3681 512 3734 66666161661116116116661666
533 3683 598 3734 noch
649 3686 735 3733 itinere
750 3686 829 3750 passt.
863 3678 901 3729 Da
925 3696 975 3729 nun
998 3689 1103 3742 66666166
1126 3679 1161 3730 161

82 3749 345 3815 16611166611111131,
361 3750 439 3799 durch
457 3751 598 3814 16666366
649 3783 684 3798 ..-
706 3755 760 3812 tter,
782 3765 831 3813 quo
854 3765 880 3808 se
901 3750 1051 3812 6666161661,
1075 3765 1103 3798 so
1127 3748 1161 3799 ist

85 3819 239 3870 Durchstieh
269 3821 312 3870 166
342 3818 428 3870 Walls
463 3819 526 3870 iiber
559 3818 599 3870 116
650 3834 682 3868 66
699 3835 746 3882 quo
758 3827 873 3868 66666666
889 3816 977 3866 dorin
995 3827 1099 3878 66666166
1116 3817 1162 3868 mit
1191 3851 1193 3856 -

84 3888 197 3951 Diimme,
216 3889 294 3938 durch
316 3887 413 3938 welche
437 3887 481 3938 der
499 3885 600 3938 Graben
650 3885 765 3950 11636616
798 3886 896 3950 allgem.
928 3885 1026 3949 1636111
1053 3890 1100 3936 iter
1130 3903 1161 3937 zn

85 3955 600 4020 3663161666,161161161661666663
651 3955 756 4005 denken.
785 3981 819 3990 -
835 3957 956 4006 ,16616616
983 3958 1072 4020 orheim
1119 3953 1169 4006 Sis¹

85 4024 274 4088 einzndringen.
651 4021 1005 4084 6661166116116116616166,
1031 4021 1109 4074 danie
1125 4022 1162 4072 sia

945 4106 998 4163 14·
