2812 4586
550 362 592 417 lll.
612 366 651 421 25.
671 362 710 420 26.
1095 365 1172 430 Κ173,

93 523 160 581 loca
184 521 309 581 maxime
330 519 484 593 vacabant,
506 523 586 600 quod
607 541 638 583 se
659 522 775 602 longius
797 541 813 581 a
833 520 967 600 portibus
989 520 1173 581 committere·

94 625 161 666 non
184 607 333 666 auderent
658 647 660 650 -
1219 611 1221 616 '

183 689 234 752 26.
268 691 311 752 llli
348 689 474 752 adhibita
502 690 620 751 audacia
649 700 677 752 et
705 691 811 750 virtute
838 689 1106 750 administrantibus
1131 691 1168 750 M.

95 777 233 837 Antonio
254 785 283 836 et
303 777 387 836 Fullo
417 775 539 850 Caleno,
567 777 692 838 multum
717 776 788 854 ipsis
817 774 955 835 militibus
985 774 1168 835 hortantibus

95 879 196 939 neque
218 861 311 921 ullum
334 861 499 939 perieulum
518 880 573 940 pro
595 862 686 922 salute
709 860 838 921 Caesaris
866 859 1070 920 recusantibus
1092 860 1169 920 nacti

97 956 233 1006 austrum
259 964 348 1007 naves
376 947 493 1006 solvunt
523 955 609 1024 atque
637 947 740 1006 altero⁴
754 946 800 1006 die
827 945 1013 1029 Apolloniam
1037 954 1168 1023 praeter-

97 1031 256 1091 vehuntur.
300 1031 357 1104 Qui
379 1051 447 1091 cum
469 1041 567 1092 essent
588 1050 624 1091 ex
647 1031 806 1091 continenti
828 1031 897 1103 visi,
925 1030 1090 1109 Coponius,
1118 1029 1201 1107 qui2

80 1117 261 1196 byrrhachi
283 1116 366 1176 classi
383 1116 514 1178 Rhodiae
536 1126 682 1195 praeerat,
710 1134 798 1176 naves
826 1131 862 1176 ex
884 1124 973 1194 portu
996 1115 1108 1188 educit,
1141 1124 1169 1175 et
1206 1114 1207 1120 ’

97 1221 166 1262 oum
183 1202 241 1262 iam
258 1202 365 1261 nostris
380 1202 547 1262 remissiore
562 1212 649 1263 vento
665 1202 957 1281 appropinquassent,
977 1201 1055 1260 idem
1071 1209 1169 1260 auster

95 1286 244 1347 increbuit
265 1287 433 1364 nostrisque
455 1287 599 1364 praesidio
621 1288 685 1347 fuit.
729 1288 831 1365 Neque
860 1305 931 1347 vero
960 1287 1007 1346 ille
1036 1285 1072 1345 ob
1103 1294 1200 1346 eam3

98 1391 217 1432 causam
238 1380 344 1432 conatu
367 1371 529 1444 desistebat,
550 1373 601 1432 sed
618 1371 717 1432 labore
733 1380 760 1432 et
778 1372 992 1450 perseverantia
1010 1381 1167 1434 nautarum

98 1475 130 1516 se
153 1457 212 1516 vim
234 1457 411 1534 tempestatis
447 1475 584 1535 superare
615 1475 703 1535 posse
733 1457 867 1534 sperabat
895 1465 1167 1535 praetervectosque

99 1541 314 1620 Dyrrhachium
336 1559 440 1620 magna
462 1542 491 1600 vi
513 1542 592 1602 venti
612 1542 701 1601 nihilo
725 1541 819 1601 secius
841 1542 1027 1619 sequebatur.
1069 1542 1200 1602 Nostri4

100 1627 146 1686 usi
169 1629 304 1688 fortunae
326 1625 468 1686 beneficio
492 1633 589 1686 mmen
605 1627 747 1705 impetum
764 1627 861 1686 classis
876 1625 1025 1698 tinrebant,
1047 1627 1070 1686 si
1094 1629 1169 1686 forte

99 1720 204 1772 ventus
227 1712 395 1772 remisisset.
436 1711 516 1771 Nacti
538 1719 674 1789 portum,
701 1711 751 1789 qui
772 1712 932 1794 appellatur
954 1711 1168 1790 Nymphaeum,

99 1796 174 1856 ultra
197 1797 314 1856 Lissum
333 1797 410 1856 milia
432 1814 575 1874 passuum
597 1815 646 1868 nr,
680 1815 715 1856 eo
745 1815 833 1858 naves
855 1796 1083 1857 introduxerunt
1103 1791 1168 1878 (qui

99 1889 203 1958 portus
218 1880 253 1941 ab
267 1881 366 1941 Africo
382 1881 539 1960 tegebatur,
563 1881 598 1942 ab
621 1889 719 1942 austro
743 1899 804 1943 non
823 1891 884 1942 erat
899 1877 995 1964 tutus)
1015 1881 1184 1959 leviusque

100 1966 277 2044 tempestatis
297 1985 388 2045 quam
409 1967 506 2026 classis
525 1967 690 2044 periculum
712 1967 946 2027 aestimaverunt.
977 1967 1048 2040 Quo·
1061 1966 1199 2027 simul-5

135 2171 156 2220 5.
197 2185 221 2218 se
261 2171 401 2218 committere
435 2167 507 2230 (auch
543 2170 606 2218 ohne
652 2171 825 2236 piequossem„
838 2165 1168 2218 DieSchilledesAntonius

98 2236 204 2299 eoderel:
223 2236 276 2286 sich
293 2237 377 2286 wolin
395 2250 496 2300 wagen3
514 2252 542 2286 so
556 2237 606 2286 Cic.
657 2252 744 2286 waren
758 2235 920 2298 meistLast-,
931 2237 984 2286 also
996 2236 1166 2300 Segelschiffe‚

99 2304 125 2352 in
137 2305 209 2355 Verr.
228 2306 252 2368 2,
271 2308 295 2368 4,
317 2308 360 2357 11:
378 2322 402 2354 se
419 2309 445 2354 in
462 2316 608 2366 eonspeotem
658 2305 697 2355 die
715 2307 758 2354 des
770 2303 893 2370 Coponius
907 2301 1095 2368 liriogssohiffe,
1114 2305 1168 2354 also

96 2377 182 2434 popule·
192 2377 297 2426 Romami
307 2377 446 2423 committere
451 2391 463 2434 ;
480 2374 511 2422 ad
522 2373 606 2438 Quint.
658 2389 712 2424 zum
717 2372 884 2423 Ruderdienst
897 2372 1068 2436 cingeriohtet.
1083 2373 1170 2423 Dnher

100 2439 140 2489 Fr.
159 2443 183 2503 3,
202 2445 226 2503 2,
245 2444 274 2493 2:
293 2459 316 2491 se
329 2445 356 2490 im
373 2451 479 2490 semotum
486 2459 497 2502 ;
513 2458 535 2506 p.
544 2441 606 2492 Sest.
657 2443 763 2491 niiherte
795 2441 849 2490 sich
880 2441 1001 2506 Coponius
1033 2445 1168 2492 remissiore

103 2510 142 2571 54,
162 2512 223 2561 116:
240 2527 264 2559 se
281 2512 372 2559 theatro·
386 2525 467 2559 comm.
483 2508 608 2559 DieOrts-

102 2577 195 2640 angabe
219 2573 268 2639 (fiir
292 2577 387 2627 welche
409 2578 607 2642 librigens'auoh

102 2644 146 2695 der
173 2646 250 2695 Datin
280 2647 368 2696 stehen
397 2645 472 2708 kann)
502 2647 608 2696 vertritt

102 2712 156 2762 hier
172 2719 265 2780 lomqims
284 2733 299 2764 e
313 2717 426 2776 portibus
449 2738 483 2757 =
507 2719 534 2764 im
557 2721 607 2766 loeo

102 2797 116 2830 e
128 2786 239 2843 portibus
256 2787 350 2849 templus
362 2794 457 2834 remota.

134 2919 193 2970 Wie
217 2920 269 2970 viel
293 2919 372 2970 Ciisar
394 2920 420 2969 in
447 2920 529 2970 seiner
547 2935 605 2970 ver·

101 2987 239 3039 zweilelten
248 2988 316 3053 Lago
333 2990 410 3038 daran
422 2990 525 3053 gelegen
539 2992 605 3052 war,

101 3055 155 3105 dass
174 3057 211 3108 die
230 3059 294 3108 noch
311 3059 506 3122 riiclrst'aindigen
524 3057 605 3124 Trup-

101 3139 146 3188 pen
179 3127 277 3176 endlich
317 3127 448 3178 sintreffen
482 3129 604 3190 mdohten,

102 3191 165 3240 sieht
182 3210 236 3244 man
256 3211 299 3244 aus
319 3197 372 3245 dem
391 3211 440 3244 von
459 3194 510 3243 ihm
527 3196 606 3246 selbst

103 3259 168 3309 nicht
191 3265 337 3312 erwdhnten
360 3279 524 3326 verwegenen
541 3263 605 3313 Ent-

103 3329 202 3392 schluss,
220 3330 266 3381 aul
281 3331 359 3380 ciuem
376 3331 562 3382 Fischerkshne
580 3332 606 3381 in

105 3398 147 3446 der
174 3397 254 3450 Naoht
283 3399 324 3449 bei
348 3399 430 3449 Sturm
455 3401 532 3448 durch
562 3401 605 3450 das

105 3465 250 3518 adriatisohe
275 3467 344 3518 bicor
370 3470 433 3517 nach
451 3467 606 3518 brundisium

27 3537 41 3551 ⁴
105 3547 134 3582 zu
152 3533 247 3600 fabren,
266 3551 306 3585 nm
324 3537 360 3585 sie
378 3537 456 3586 selbst
474 3550 505 3586 zu
521 3536 604 3600 bolen,

106 3617 155 3652 was
173 3619 206 3667 er,
224 3621 250 3655 so
270 3607 329 3654 sehr
346 3619 374 3654 er
393 3604 438 3654 aul
454 3605 506 3655 scin
525 3603 606 3655 Gliick

105 3678 235 3736 vertraute,
243 3671 463 3737 dochaufzugeben
476 3675 606 3738 gendthigt

105 3741 193 3790 warde.
227 3742 248 3792 S.
273 3741 337 3792 Plnt.
361 3742 431 3792 Caes.
459 3745 505 3806 38,
536 3742 604 3794 Cass.

106 3805 150 3855 Dio
167 3812 205 3873 41,
225 3815 268 3874 46;
286 3811 347 3877 App.
366 3813 390 3873 2,
410 3815 449 3863 57.

141 3938 188 4000 26·
217 3949 237 3998 2.
269 3952 400 4010 Oopome'us:
429 3963 450 3999 c.
481 3951 504 4012 5,
531 3951 553 4000 3.
572 3975 604 3984 —-

109 4025 158 4061 omn
179 4020 260 4066 nostres
281 4021 415 4070 remissiore
431 4028 497 4069 cento
515 4033 604 4080 oppro-

657 2520 723 2560 oeoto
742 2511 796 2558 dem
815 2508 938 2560 Antonius
962 2511 1011 2559 und
1029 2526 1084 2559 war
1102 2512 1166 2561 naha

658 2578 749 2641 daran,
782 2577 824 2627 ihu
854 2593 904 2626 von
927 2578 971 2628 der
994 2578 1074 2628 Fahrt
1102 2581 1167 2628 nach
1235 2606 1237 2611 ·

657 2645 758 2697 Norden
774 2647 985 2710 abzuschnoidem
1003 2648 1034 2696 da
1048 2648 1109 2697 aber
1123 2649 1167 2697 der

657 2715 775 2765 Siidwind
809 2715 904 2765 wieder
938 2716 1038 2766 stiirker
1071 2717 1165 2779 wurde,
1233 2779 1235 2785 y

656 2785 714 2834 kam
730 2784 854 2834 Antonius
877 2782 1044 2848 ungesahrdet
1070 2785 1165 2834 vorboi.

691 2924 713 2973 3.
748 2938 771 2970 se
804 2927 852 2971 eim
881 2925 1023 2982 tempestatis
1056 2937 1169 2984 esperare

654 3006 722 3051 posse
739 2993 860 3050 sperabat:
880 2991 935 3039 ‘hoc
956 2996 1002 3053 est,
1022 2990 1166 3054 remigando

657 3073 684 3108 se
702 3059 807 3108 celerius
825 3059 925 3122 iturum,
945 3073 1018 3124 qnam
1029 3058 1167 3111 Antoniani

656 3127 726 3176 venti
743 3127 913 3190 magnitudine
931 3126 1084 3178 ferebantur*
1103 3127 1168 3194 Nip-

655 3196 749 3262 perdey
767 3213 790 3262 p.
810 3197 865 3250 168.

691 3335 714 3385 4.
741 3335 842 3395 oisemo
858 3343 941 3384 oeetue
960 3337 1098 3395 remeasset,
1129 3332 1167 3382 sie

657 3401 710 3450 also
730 3401 776 3450 mit
800 3402 870 3451 ihren
895 3400 1072 3465 Segelsohiffen
1097 3400 1167 3449 nicht

657 3471 821 3533 entkornmon,
841 3470 948 3520 sondern
966 3484 1016 3518 von
1028 3469 1073 3518 dor
1084 3465 1166 3518 leind·
1194 3488 1198 3494 ·

655 3538 739 3588 lichen
779 3538 863 3588 Flotte
909 3536 1019 3587 erreicht
1065 3538 1166 3587 werden

656 3603 774 3656 konnten.
810 3633 843 3642 —-
878 3608 907 3655 eb
926 3607 1017 3668 Africo
1040 3607 1165 3672 emebatur,

655 3677 741 3725 werde
772 3674 889 3738 gedockt,
920 3675 1049 3738 geschiitzt
1078 3689 1164 3739 gagen,

655 3743 705 3793 wie
723 3744 864 3806 defendere,
882 3748 945 3792 teere'
961 3745 997 3796 ab,
1033 3743 1065 3793 So
1084 3744 1109 3793 Β.
1136 3742 1164 3794 C.

656 3813 680 3873 8,
688 3814 712 3873 9,
721 3816 749 3864 4:
764 3813 793 3860 ab
804 3814 962 3862 incidentibus
975 3815 1028 3862 telis
1041 3823 1165 3878 tepeo-otor.

588 3907 589 3910 =
655 3880 705 3929 Das
729 3879 825 3946 Imperi,
850 3884 980 3947 repedetur,
1003 3881 1072 3931 nicht
1095 3891 1166 3932 tectos

655 3958 713 4008 eret,
731 3948 779 3999 wie
796 3950 820 4000 B.
839 3948 868 4000 G.
890 3953 911 4014 1,
931 3953 972 4014 38,
992 3954 1020 4004 4:
1053 3955 1167 4012 oppidum

655 4027 743 4069 metere
760 4022 805 4070 loeo·
820 4023 979 4072 muee'ebotur.
997 4047 1030 4056 -
1048 4023 1167 4070 levius-
