2884 4588
195 290 239 357 38
591 291 633 342 DE
650 290 757 342 untho
775 289 876 342 ClVlLl

197 445 353 526 regionum
376 462 482 524 magno
504 445 656 524 proposito
671 447 802 524 praemio
826 452 894 506 cum
912 445 1015 507 litteris
1036 445 1130 517 mittit,
1146 445 1199 523 qui
1216 464 1276 525 pe-

198 537 262 592 tant
276 539 363 610 atque
378 534 472 603 orent,
487 537 520 591 ut
535 529 590 591 sibi
604 530 773 591 subveniat:
793 529 1079 592 Gaesarem'duohus
1095 529 1276 592 exercitibus

199 623 228 676 et
240 615 376 676 locorum
391 615 532 693 angustiis
550 615 633 676 facile
655 616 810 676 intercludi
829 633 917 694 posse
937 618 1149 694 frumentoque
1167 615 1275 694 prohi-

169 698 271 762 theri.
294 699 382 774 Quod
405 699 460 760 nisi
485 701 595 773 fecerit,
613 719 645 761 se
666 701 863 778 cohortesque
883 700 1008 779 amplius
1031 719 1092 759 xxx
1113 717 1275 778 magnum-

200 803 259 864 que
274 802 435 846 numerum
449 794 620 846 senatorum
634 793 722 863 atque
738 785 870 862 equitum
886 786 1091 846 Romanorum
1105 785 1137 845 in
1154 785 1277 864 pericu-

171 871 262 931 3lum
283 887 346 930 esse
362 875 530 930 venturum.
552 869 673 931 Interim
688 888 760 930 suos
782 870 950 930 cohortatus
972 877 1118 931 tormenta
1134 870 1165 930 in
1180 870 1278 930 muris

201 954 331 1032 disponit
352 961 504 1031 certasque
532 955 640 1033 cuique
664 963 760 1032 partes
790 955 825 1014 ad
847 955 1011 1015 custodiam
1026 954 1108 1015 urbis
1127 954 1276 1027 attribuit;

171 1051 187 1101 4
202 1038 341 1100 militibus
355 1038 535 1100 incautione
550 1057 636 1118 agros
652 1055 688 1098 ex
703 1039 765 1099 suis
775 1038 1012 1118 possessionibus
1022 1038 1184 1118 pollicetur,
1198 1057 1276 1117 qua·

200 1133 284 1185 terna
305 1124 336 1184 in
352 1123 484 1202 singulos
503 1124 603 1202 iugera
621 1131 651 1184 et
666 1141 722 1200 pro
744 1131 805 1184 rata
823 1131 905 1202 parte
927 1123 1151 1184 centurionibus
1167 1141 1275 1184 evoca·

202 1208 308 1286 tisque.

288 1289 336 1354 18.
367 1291 489 1352 Interim
503 1291 617 1352 Caesari
631 1292 784 1353 nuntiatur
797 1293 1018 1364 Sulmonenses,
1033 1293 1114 1370 quod
1132 1291 1276 1371 oppidum

201 1397 217 1438 a
232 1375 362 1438 Corfinio
378 1395 418 1436 vn
432 1375 546 1435 milium
558 1375 709 1437 intervallo
725 1375 815 1450 abest,
829 1395 938 1456 cupere
952 1396 986 1437 ea
1000 1379 1105 1450 facere,
1120 1394 1196 1455 quae
1213 1376 1276 1437 vel·

202 1463 250 1533 let,
268 1461 320 1522 sed
336 1479 353 1521 a
368 1461 403 1533 Q.
426 1460 564 1522 Lucretio
582 1469 719 1524 senatore
743 1469 772 1522 et
796 1462 873 1524 Attio
899 1462 1020 1541 Peligno
1045 1461 1207 1541 prohiberi,
1223 1461 1278 1542 qui

203 1675 296 1730 hefund
318 1678 372 1730 sich
395 1679 490 1730 damals
514 1677 540 1728 in
563 1679 608 1729 der
632 1678 714 1744 apuli·
766 1679 811 1730 der
835 1678 904 1730 Cani.
928 1677 1008 1742 Priis,
1034 1679 1067 1730 im
1091 1681 1215 1730 lotztaren
1232 1679 1279 1730 der

204 1749 280 1798 sehon
294 1746 491 1798 strutheum.
516 1745 543 1796 Iu
556 1747 639 1798 seiher
651 1749 716 1798 noch
767 1747 835 1798 Coni.
854 1745 952 1814 Imperi.
987 1747 1012 1797 S.
1031 1764 1062 1798 zu
1081 1751 1105 1812 3,
1127 1751 1166 1811 12,
1185 1751 1208 1800 4.

205 1815 352 1866 orhaltonen
366 1814 486 1866 Autwort
500 1811 545 1864 suf
554 1815 599 1864 das
611 1814 715 1865 Schrei-
801 1819 824 1868 4.
843 1833 913 1882 apros
920 1819 1056 1878 pollicetur.
1072 1815 1196 1879 Domitius
1205 1817 1280 1866 hatte

205 1884 253 1935 beu
272 1884 314 1933 des
332 1883 455 1933 Domitius
472 1881 552 1932 hoisst
569 1897 596 1932 es
615 1883 665 1932 Cic.
684 1883 716 1932 ad
766 1885 831 1935 nach
849 1883 917 1934 Cass.
935 1883 983 1934 Dio
1000 1888 1043 1948 41,
1064 1888 1093 1938 11
1115 1891 1189 1936 untsr
1207 1883 1278 1934 Sulla

206 1951 260 2001 Att.
280 1953 304 2013 8,
326 1953 355 2003 12
372 1950 402 2013 D,
422 1953 448 2003 1:
473 1953 579 2002 litterae
591 1954 678 2001 mitia
695 1961 717 2002 te
766 1967 853 2016 grosse
872 1951 1028 2004 Lindemion
1046 1953 1185 2004 erworben.
1222 1951 1280 2002 Sei·

205 2019 716 2082 reddumumaa.a.x1111tat.umu.;
767 2035 815 2071 nen
841 2019 988 2071 Reichthum
1015 2021 1122 2071 beweist
1149 2021 1213 2071 auch
1239 2020 1280 2070 die

206 2093 233 2138 iu
250 2089 336 2150 quum
350 2089 434 2136 scribis
450 2089 651 2149 &eraremapud
661 2091 717 2138 θον·
767 2089 927 2153 Ausriistnng
949 2089 1000 2139 und
1023 2090 1182 2152 hemanuung
1210 2088 1286 2144 eines,

200 2158 293 2220 fimum
311 2164 389 2206 eastra
402 2157 519 2218 pomum.
549 2157 619 2214 Quod
630 2159 719 2218 putari
768 2155 949 2208 Geschwaders
965 2173 985 2207 c.
1004 2159 1044 2220 34,
1059 2161 1088 2219 23
1108 2160 1149 2221 56,
1169 2159 1192 2209 3.
1205 2161 1280 2206 -iu

207 2234 228 2275 et
241 2226 393 2284 praemonui,
404 2217 491 2289 flt,⁰ut
507 2240 549 2274 uec
566 2227 594 2274 iu
601 2241 716 2286 praemu-
767 2228 880 2290 m‘upuloa,
900 2241 946 2275 zur
962 2225 1066 2290 Angahe
1091 2226 1135 2276 dos
1154 2224 1279 2288 Antheils,

207 2296 243 2343 tia
267 2295 406 2342 committere
426 2303 501 2344 terum
522 2297 640 2354 proelium
663 2297 719 2344 velit
768 2294 814 2344 dor
836 2293 877 2344 hei
906 2294 950 2344 der
974 2293 1141 2357 Verthoilung
1170 2291 1215 2343 eui
1239 2293 1279 2342 die

208 2371 229 2411 et
247 2363 354 2410 omuibus
372 2365 445 2422 cmm
463 2364 583 2412 muduota's
600 2372 621 2413 te
638 2365 718 2424 impla·-
767 2361 904 2412 Einzelnen
915 2359 982 2424 silit,
1001 2377 1056 2412 war
1074 2364 1137 2412 nach
1156 2361 1211 2412 dem
1218 2361 1280 2411 Dis-

208 2439 249 2495 ut,
265 2445 295 2480 uc
312 2433 346 2480 ad
360 2446 396 2480 mc
410 2434 454 2481 iter
478 2433 523 2482 ubi
534 2435 668 2492 repedatum
687 2434 719 2482 ait
745 2438 747 2443 '
768 2430 919 2481 tributivum
943 2429 1107 2480 entbehrlich.
1141 2429 1240 2480 Ebenso
1258 2445 1280 2479 c.

208 2507 279 2562 atque
307 2501 365 2550 utus
390 2503 469 2561 copias
494 2503 636 2565 camimum
658 2503 718 2560 opti·
769 2501 811 2562 52,
833 2501 873 2561 -23
897 2498 953 2550 Ltv.
979 2501 1020 2562 35,
1045 2502 1090 2552 40:
1115 2503 1191 2562 quum
1220 2501 1304 2548 doru·

208 2583 301 2618 morum
324 2571 411 2618 muium
424 2571 505 2629 posat'a
527 2585 580 2618 cum
598 2572 630 2618 iu
647 2571 717 2633 lequ-
769 2571 852 2632 iupera
869 2571 926 2618 datu
944 2571 1097 2632 imumquloe.
1117 2594 1151 2604 —
1164 2583 1213 2630 pro
1226 2577 1281 2618 mua

208 2638 286 2697 uibus,
312 2638 340 2686 de
363 2653 467 2701 quonum
490 2639 610 2687 uoluntate
625 2639 718 2686 dubita·
766 2646 837 2697 purte
855 2646 914 2689 aeut.
934 2640 1086 2699 evomitque.
1121 2635 1166 2686 Die
1185 2635 1280 2686 Centu-

135 2695 146 2711 ’
209 2721 271 2768 mus,
294 2720 340 2767 quo
364 2709 434 2756 otiam
458 2708 535 2769 mapu
560 2707 608 2754 tuis
634 2707 720 2755 titteris
769 2703 857 2754 rionen
872 2705 922 2754 und
934 2705 1036 2754 evocati
1048 2703 1172 2754 erhielten
1181 2703 1284 2770 doppelt

210 2789 263 2822 aum
280 2782 414 2825 commotus.
451 2775 536 2835 Neque
558 2775 622 2822 euim
637 2789 719 2824 aarum
770 2787 798 2822 so
827 2771 879 2822 viel
904 2771 971 2834 Scld,
1001 2771 1039 2821 ahs
1069 2772 1109 2822 die
1137 2770 1282 2823 Gemeinon.

210 2844 320 2902 miiitum
344 2856 403 2904 quoa
425 2855 513 2906 nucum
537 2843 616 2900 habeo,
636 2843 719 2890 uoluu-
770 2838 840 2890 Nach
854 2839 945 2890 diesem
955 2839 1283 2891 Verh'ailtnissesollteusie

210 2918 257 2959 tate
274 2910 332 2958 ratu
349 2911 449 2970 confido,
463 2911 650 2958 camoranum
661 2908 720 2970 for·
771 2909 835 2958 auch
852 2907 893 2959 bei
916 2908 961 2958 dcr
985 2907 1151 2973 Vertheiluug
1174 2909 1284 2960 beducht

210 2979 277 3027 tuuis
308 2979 346 3026 rei
366 2978 477 3038 molum
504 2979 619 3038 dimicun,
646 2993 720 3040 neque
771 2977 881 3026 werdon.

210 3048 288 3110 etthan,
317 3047 363 3109 qui
389 3061 418 3094 ev
444 3047 568 3096 delectibua
593 3048 722 3106 commuto·
809 3040 858 3102 18.
892 3046 912 3096 1.
943 3047 1115 3106 Sulmonenses,
1134 3048 1200 3108 quod
1215 3049 1283 3106 eppi-

210 3123 266 3164 mm
290 3129 306 3162 a
329 3115 477 3176 consulibus,
500 3123 720 3166 murmurum-
771 3117 836 3164 dum.
869 3113 919 3162 Das
933 3111 1155 3176 Beziehungswort
1170 3113 1237 3162 kann
1256 3111 1285 3161 in

212 3183 341 3232 intercludi
345 3196 430 3242 poam:
447 3196 497 3231 von
509 3181 564 3232 dem
577 3182 659 3246 Wogc
674 3197 721 3231 vor
772 3182 826 3232 dem
855 3181 1012 3232 Rclativsatz
1043 3180 1194 3232 wiedcrholt
1224 3181 1283 3232 oder

211 3248 720 3312 undriickw'tirts‚durchzweiauibeiden
772 3251 851 3300 durch
880 3248 921 3300 ein
947 3250 1053 3300 anderes
1079 3249 1158 3300 Wort
1188 3255 1286 3300 crsotzt

211 3317 298 3368 Seiten
325 3315 485 3381 aufgcsteilte
512 3317 605 3382 heere,
632 3324 719 3368 unter-
772 3318 881 3369 werden.
916 3317 949 3368 Sa
973 3319 1066 3368 kommt
1089 3333 1116 3369 es
1140 3317 1180 3368 bai
1203 3317 1286 3368 Gisur

211 3387 291 3452 stiitzt
308 3385 387 3435 durch
404 3386 449 3436 das
466 3385 581 3437 Tarmia.
616 3385 673 3451 Vgh
699 3401 719 3437 c.
771 3387 907 3438 besonders
924 3387 1010 3450 hiiniig
1027 3402 1082 3448 vor,
1100 3386 1158 3436 dass
1177 3384 1219 3436 fair
1236 3387 1284 3436 den

211 3457 253 3518 40,
273 3456 302 3516 33
319 3455 362 3518 48,
381 3457 412 3516 4;
430 3457 454 3518 3,
474 3457 515 3518 63,
534 3457 558 3507 t
771 3454 866 3506 Numen
890 3455 932 3506 des
950 3454 1030 3505 Volks
1053 3455 1099 3504 der
1122 3455 1165 3505 dos
1182 3453 1285 3517 stantes

246 3525 269 3574 2.
287 3525 357 3582 Quod
367 3525 520 3588 amiserunt,
537 3524 559 3573 d.
574 3523 591 3574 i.
605 3526 656 3574 uiri
667 3526 722 3573 aud·
773 3524 833 3573 oder
845 3524 890 3574 der
901 3522 975 3573 Stadt
992 3523 1043 3573 und
1055 3520 1096 3574 nir
1109 3520 1195 3572 diesen
1207 3521 1285 3585 ‘jener

210 3596 300 3643 emerit
316 3613 352 3635 =
370 3591 439 3642 Cani.
463 3592 521 3643 Fut.
545 3599 627 3642 exact.
656 3592 721 3641 nach
772 3598 870 3656 gesetzt
886 3591 965 3655 wird3
983 3607 1004 3641 z.
1022 3591 1049 3641 B.
1066 3591 1092 3640 B.
1112 3588 1141 3640 G.
1156 3593 1180 3654 2,
1196 3593 1237 3652 35,
1251 3591 1285 3642 3:

211 3659 291 3712 eincm
303 3658 384 3724 Pr'ds,
397 3661 447 3711 wie
460 3661 524 3711 nach
541 3660 621 3712 ciuem
632 3660 721 3720 histor.
772 3663 857 3712 Audes
888 3663 1054 3724 Turpemque,
1082 3675 1144 3723 quae
1170 3662 1285 3724 civitatee,

210 3726 316 3795 Tempus
343 3729 387 3780 der
413 3729 482 3781 Cori.
513 3727 613 3794 Plusqu.
645 3729 721 3778 steht.
773 3728 799 3778 B.
812 3728 838 3778 C.
857 3731 881 3792 3,
896 3731 938 3792 80,
953 3731 979 3781 1:
998 3730 1191 3792 computum
1200 3737 1286 3787 catop-

211 3796 370 3848 Dochhudet
384 3797 438 3848 sich
451 3797 493 3849 bei
506 3797 722 3862 mindergenauor
768 3800 857 3859 pidum
873 3800 984 3860 primum
1009 3795 1143 3847 nmmum
1170 3797 1287 3846 emamus·-

210 3865 450 3930 Boriicksichtigung
477 3867 520 3916 des
548 3865 723 3916 Zaitverhttlt-
774 3867 816 3916 bus
841 3869 870 3916 ab
896 3868 983 3928 Epiro,
1013 3881 1073 3930 puae
1094 3881 1153 3930 poue
1176 3869 1223 3914 cet
1251 3889 1287 3898 -

211 3933 292 3986 uisses
304 3934 345 3986 bei
352 3934 432 3986 cusas
442 3933 479 3985 oft
486 3934 520 3984 im
529 3932 721 3985 ersterenFalle
773 3937 899 3986 tumvana
918 3936 989 3986 adut.
1026 3932 1050 3983 S.
1069 3948 1100 3983 zu
1112 3935 1136 3996 2,
1156 3934 1197 3997 38,
1217 3933 1244 3996 3,
1258 3929 1287 3982 Β.
