2812 4586
552 277 593 329 ιιι.
614 280 754 333 ιιι-ιιι.
1120 279 1183 346 243

112 435 247 507 fecisset,
283 434 469 496 simulacrum
502 434 565 495 Vict
553 435 656 506 toriae,
693 433 772 511 quod
808 441 873 494 anto
900 433 993 513 ipsam
1011 435 1180 496 'Minervam

77 531 79 534 ’
115 521 292 580 collocatum
314 527 426 580 essete
411 527 525 579 etante
551 519 586 579 ad
609 519 798 579 simulacrum
819 519 965 580 Minervae
986 520 1179 598 spectavisset,

113 605 153 664 ad
190 600 285 664 valvas
319 623 351 665 se
387 605 487 682 templi
523 605 672 682 limenque
702 605 889 664 convertisse.
933 605 1117 702 Eodemque
1134 606 1208 670 diea

113 689 320 750 Antiochiae
312 708 343 748 in
370 689 453 768 Syria
476 689 521 749 bis
548 697 645 749 tantus
673 689 815 748 exercitus
838 690 1001 750 clamort
973 697 1001 750 et
1027 690 1179 768 signorum

111 793 210 834 sonus
231 775 381 835 exauditus
396 782 447 848 cst,
469 783 501 834 ut
517 774 548 833 in
564 775 656 835 muris
671 782 780 834 armata
795 775 892 834 civitas
909 774 1093 835 discurreret
1116 775 1179 835 Hoc
1192 780 1216 834 ι’

112 860 196 920 idem
204 859 384 920 Ptolomaide
394 859 502 920 accrdit
523 858 674 938 Pergami
666 877 698 919 111
708 859 828 920 occulus
845 877 878 918 ac
895 860 1081 920 reconditist
1069 861 1178 958 templi,

115 962 178 1022 quo
199 952 313 1022 praeter
333 945 465 1004 sacerdot
454 953 496 1004 tes
518 945 598 1004 adire
620 947 662 1004 fas
682 962 743 1004 non
767 952 824 1017 est,
854 962 928 1022 quae
948 945 1049 1004 Graeci
1076 933 1179 1006 diduco

112 1030 297 1108 appellant,t
298 1048 422 1108 ympana
437 1037 609 1090 sonuerunt.
627 1029 699 1090 Item
712 1029 876 1089 Trallibus
868 1047 899 1090 m
913 1029 1020 1108 templo
1029 1030 1178 1104 Victoriae,
1192 1055 1206 1103 5

114 1114 169 1174 ubi
190 1115 318 1175 Caesaris
337 1123 459 1176 statuam
480 1105 733 1186 consecraierant,
759 1115 854 1192 palma
875 1134 928 1193 per
948 1133 998 1174 cos
1018 1115 1078 1176 dies
1103 1115 1179 1176 inter

113 1208 286 1278 coagmenta
305 1200 435 1277 lapidum
454 1219 489 1259 ex
511 1201 676 1296 pavimento
699 1200 841 1260 exstitisse
861 1199 1077 1261 ostendebatur

204 1282 273 1346 106.
308 1285 411 1346 Caesar
434 1303 542 1363 paucos
572 1285 669 1345 dies
661 1302 692 1344 ιιι
713 1285 781 1344 Asia
812 1293 941 1345 moratus
964 1304 1031 1345 cum
1052 1285 1181 1345 audisset

19 1357 41 1382 ²
113 1369 292 1447 Pompeium
313 1369 401 1447 Cypri
418 1370 524 1442 visum,
544 1370 709 1429 coniectans
729 1387 797 1428 eum
815 1370 979 1448 Aegyptum
996 1371 1051 1430 iter
1072 1369 1185 1430 habere

114 1461 238 1531 propter
254 1453 482 1516 necessitudines
496 1454 579 1531 regni
592 1454 776 1531 rehquasquc
792 1454 853 1514 eius
868 1455 924 1513 loci
940 1456 1179 1532 opportunitates,

114 1556 186 1598 cum
203 1537 316 1616 legione
338 1556 405 1610 una,
428 1555 515 1615 quam
530 1557 561 1598 se
576 1557 611 1597 ex
627 1537 773 1598 Thessalia
788 1539 871 1616 sequi
884 1539 1015 1610 iusserat,
1038 1547 1065 1599 et
1084 1540 1180 1611 altera,

116 1640 206 1700 quam
230 1641 264 1682 ex
278 1623 384 1683 Achaia
400 1641 416 1682 a
430 1623 464 1696 Q.
478 1623 562 1682 Fufio
576 1623 667 1701 legato
688 1631 864 1696 evocaverat,
883 1623 1088 1701 equitibusque
1110 1642 1179 1682 noco

116 1715 146 1768 et
167 1707 290 1768 navibus
316 1707 411 1786 longis
435 1707 556 1768 Rhodiis
589 1726 608 1766 ιι
639 1715 667 1767 ιι
688 1707 818 1768 Asiaticis
847 1707 946 1786 paucis
975 1707 1179 1768 Alexandriam

116 1792 258 1870 pervenit.
279 1792 313 1852 In
330 1793 375 1852 his
393 1800 474 1852 erant
490 1789 652 1870 legionibus
668 1792 823 1852 hominum
839 1792 916 1852 milia
930 1793 984 1853 tria
1005 1812 1053 1866 cc;
1075 1793 1208 1870 rquuia

116 1875 288 1937 vulneribus
307 1895 343 1936 ex
361 1877 477 1955 proeliis
498 1877 637 1937 etlabore
657 1896 690 1937 ac
710 1877 909 1956 magnitudine
923 1878 1034 1938 itineris
1055 1877 1180 1942 conlecti

116 1963 258 2039 consequi
286 1980 346 2022 non
378 1970 540 2040 potuerant.
584 1963 640 2023 Sed
675 1962 778 2022 Caesar
811 1962 939 2023 conlisus
971 1967 1048 2023 lama
1079 1976 1208 2026 rerum3

116 2055 263 2124 gestarum
299 2047 422 2107 infirmis
456 2047 569 2106 auxiliis
598 2047 742 2126 proficisci
778 2066 839 2107 non
867 2047 1054 2121 dubitaverat,
1088 2066 1180 2126 aeque

116 2149 236 2192 omnem
271 2132 326 2191 sibi
358 2132 456 2191 locum
493 2140 588 2192 tutum
618 2135 683 2194 fore
709 2133 884 2192 existimans.
928 2133 1118 2194 Alexandriae
1145 2133 1210 2194 de4

116 2216 240 2294 Pompei
268 2225 372 2276 morte:
392 2218 542 2296 cognoscit
568 2225 654 2296 atque
682 2216 723 2276 ibi
741 2218 871 2295 primum
893 2236 908 2277 e
933 2237 1007 2278 nave
1030 2218 1180 2296 egrediens

117 2302 275 2361 clamorem
298 2301 422 2360 militum
442 2302 542 2374 audit,
573 2320 649 2379 quos
678 2319 730 2361 rex
753 2301 783 2360 in
810 2302 917 2380 oppido
939 2303 1074 2379 praesidii
1096 2321 1180 2362 causa
1263 2362 1266 2369 ,

117 2386 287 2462 reliquerat,
312 2393 340 2445 et
367 2403 545 2444 concursum
569 2385 604 2444 ad
631 2405 662 2445 se
684 2385 746 2445 lieri
765 2385 856 2458 videt,
883 2387 963 2464 quod
985 2389 1077 2446 fasces
1097 2398 1180 2446 ante-

117 2472 273 2530 ferrentur.
315 2471 349 2529 ln
372 2471 428 2529 hoc
455 2469 550 2529 omnis
575 2469 731 2552 multitudo¹
751 2471 928 2530 maiestatem
949 2471 1059 2550 regiam
1087 2471 1182 2531 minui

117 2693 177 2740 rotis
193 2691 288 2740 dicbus:
311 2687 392 2737 indem
415 2702 471 2737 man
495 2687 534 2736 die
558 2685 625 2751 Tage
676 2687 852 2738 Stiidtcnamen
875 2687 1016 2738 bohandelt
1052 2687 1092 2750 OEs
1116 2689 1182 2740 kann

118 2757 329 2808 zuriickrechnete
358 2756 408 2805 und
439 2754 557 2805 abz'dhlto
586 2755 624 2805 bis
677 2756 754 2806 daher
771 2756 894 2806 wedene
913 2759 953 2820 41,
970 2756 1042 2808 1m1t
1053 2755 1103 2808 last
1115 2757 1181 2808 allen

119 2826 208 2876 zmiick
226 2842 258 2874 zu
281 2826 335 2875 dom
353 2823 421 2890 Tage
439 2825 483 2874 dor
500 2823 625 2874 Schlacht
675 2825 810 2876 Handschr
827 2828 998 2890 Macedonium,
1016 2827 1079 2874 noch
1099 2829 1121 2890 1,
1141 2829 1181 2890 31,

155 2898 179 2947 4.
195 2900 223 2946 in
237 2899 332 2945 ιιιιιιιιι
350 2911 378 2944 ac
395 2897 521 2944 reconditis
539 2897 626 2954 templi.
679 2897 690 2946 1
710 2894 756 2943 mit
774 2892 871 2957 einiger
889 2895 1004 2958 Africam
1021 2863 1182 2958 gesehri'eben

119 2962 152 3013 So
174 2963 287 3026 h'duligcr
310 2963 351 3012 bci
373 2962 494 3028 Spdteren
519 2963 568 3011 und
585 2961 626 3012 boi
676 2962 836 3025 werden)—
803 2968 890 3012 -ιιιι
898 2965 994 3012 daborc.
1016 2965 1037 3026 1,
1059 2966 1097 3026 14,
1116 2966 1181 3015 3.-

119 3031 237 3082 llicbtcrn
251 3031 294 3081 das
304 3030 495 3082 substantrvrrte
507 3029 626 3080 Neutrum
672 3041 772 3092 propter
788 3035 967 3082 necesitudinis
984 3037 1066 3096 repri:
1084 3047 1105 3082 c.
1126 3035 1181 3094 103,

120 3100 164 3149 dor
192 3099 325 3149 Adiectiva
354 3099 400 3148 mit
429 3101 484 3150 dem
514 3097 625 3161 Genidv,
677 3101 705 3150 3:
719 3116 767 3160 ,oro
785 3103 884 3162 bospitio
901 3109 971 3164 atquc
986 3105 1090 3152 amicitia
1101 3105 1182 3162 patris

119 3166 173 3216 hier
207 3169 318 3248 gewdhlt
352 3167 390 3218 als
434 3168 626 3233 entsprechende
677 3166 891 3231 (Ptolomaei).-
858 3187 931 3218 —a.
942 3170 968 3227 Q.
979 3169 1182 3233 Ibfioffialcno).

120 3233 194 3284 Form
212 3251 243 3285 zu
261 3231 359 3288 α’δυτα.
676 3251 696 3285 c.
719 3239 801 3298 55,1

155 3306 177 3354 5
192 3308 316 3365 palma—
284 3308 441 3354 —crotr'tr'arc
457 3306 626 3354 ostendrdatur.
710 3307 733 3358 2.
751 3308 871 3368 consequi:
893 3307 914 3368 l,
936 3307 973 3367 15,
993 3306 1015 3356 3.

100 3371 189 3422 'Nacb
217 3371 300 3422 Valcr.
327 3371 394 3422 Max.
425 3375 446 3435 1,
472 3374 495 3434 6,
523 3373 552 3423 12
575 3372 626 3422 und
711 3375 734 3424 4.
768 3377 797 3422 dc
832 3376 914 3434 Pomp.
951 3383 1025 3422 ιιιιιι
1058 3376 1180 3436 repressit.

120 3439 184 3490 Plut.
204 3439 274 3490 Caes.
292 3443 324 3492 41
342 3440 415 3490 stand
433 3439 473 3489 die
484 3439 568 3490 Paline
586 3455 626 3489 am
675 3439 728 3490 Ehe
746 3455 774 3490 or
790 3440 898 3502 landate,
916 3441 1019 3490 bruchto
1037 3439 1086 3489 ihm
1099 3439 1181 3490 Thro-

55 3525 73 3542 ⁴
120 3509 182 3559 Fuss
206 3509 251 3558 dcr
272 3507 360 3558 Statue
384 3507 482 3558 Cdsars.
517 3509 625 3558 Deshalb
677 3510 748 3560 dotos
767 3509 813 3559 den
830 3506 898 3574 uopf
913 3509 962 3558 und
978 3508 1118 3572 Sicgelring
1139 3509 1181 3559 des

119 3578 153 3631 ist
161 3578 205 3628 das
215 3577 241 3627 in
250 3577 295 3627 don
306 3575 498 3626 Handschrilten
507 3577 626 3627 stehende
676 3577 812 3644 Pompeius.
847 3575 913 3626 Plut.
937 3575 1005 3626 Caes.
1029 3578 1075 3640 48,
1098 3576 1181 3643 Pomp.

122 3652 219 3698 intecto
236 3661 282 3695 vor
299 3651 362 3696 inter
379 3655 511 3710 ooaqmenta
528 3645 625 3710 getilgt.
677 3648 717 3700 80.
752 3644 889 3708 Uobrigens
912 3645 969 3694 kam
987 3644 1065 3694 Cdsar
1079 3661 1110 3695 zu
1128 3645 1181 3694 An-

156 3711 229 3774 106.
261 3719 282 3767 1.
311 3718 398 3778 Oppri:
431 3717 453 3776 1,
486 3717 526 3776 34,
551 3716 574 3765 2.
592 3741 626 3750 —
677 3712 736 3778 fang
753 3715 796 3764 dos
815 3711 923 3765 October
941 3715 1003 3762 nach
1020 3713 1181 3766 Alexandria.

122 3786 262 3849 Aepyptum.
288 3783 334 3834 Dic
352 3782 523 3847 griechischen
541 3780 626 3832 L'dn-
676 3811 710 3818 -
732 3785 797 3846 quod
811 3783 892 3846 fasces
914 3785 1097 3846 anteferrentur.
1132 3782 1183 3833 Dor

123 3853 271 3904 dornamen
289 3851 334 3902 aul
349 3869 391 3913 ur,
415 3852 477 3901 abor
500 3851 563 3900 anch
581 3868 626 3901 nur
676 3849 771 3914 Einzug
798 3852 840 3902 dos
867 3851 1004 3902 rdmisehen
1028 3851 1130 3902 Consuls
1157 3852 1183 3900 in

123 3921 201 3985 diosc,
237 3922 337 3972 worden
366 3921 435 3970 nicht
467 3919 547 3970 sclton
577 3919 626 3970 wic
677 3919 717 3969 dic
730 3917 888 3984 llbnigsbnrg
908 3921 936 3984 (c.
957 3922 1013 3982 112,
1032 3922 1056 3984 81
1073 3921 1119 3971 mit
1136 3920 1183 3969 den

956 4003 1009 4057 16*
