2836 4586
592 276 748 330 u.1o-1s.
910 297 912 300 -
1151 279 1213 344 119

129 451 220 505 suae,
235 450 312 511 quae
327 431 463 493 voluntas
477 449 545 510 erga
559 431 712 492 Caesarem
722 434 813 496 totius
823 431 1000 510 provinciae.
1021 433 1099 493 llaec
1114 434 1212 507 pruni-

131 516 197 577 bus
208 517 321 578 ferebat
332 515 519 578 sermonibus
533 535 631 597 neque
641 537 673 578 se
688 517 720 578 in
732 512 820 578 ullam
830 524 943 596 partem
960 517 1104 578 movebat
1125 517 1212 579 Post·
1227 520 1243 570 3

136 621 174 662 ea
192 620 272 678 vero,
294 621 363 662 curn
384 601 535 662 Gaesarem
554 602 590 662 ad
613 603 769 664 Massiliam
798 603 920 663 detineri
947 603 1093 682 cognorit
1115 605 1213 681 copias

137 686 245 750 Petreii
261 705 330 748 curn
346 687 473 747 exercitu
490 687 602 747 Afranii
616 705 681 748 esse
697 688 877 760 coniunctas,
898 705 1003 766 magna
1019 688 1213 762 auxiliajcon-

137 771 264 844 venisse,
280 791 386 852 magna
403 791 466 832 esse
480 771 512 831 in
529 790 582 850 spe
591 780 678 851 atque
693 773 854 851 exspectari
869 781 898 833 et
911 773 1078 833 consentire
1093 791 1214 832 omnem

139 857 306 918 citeriorem
324 857 516 936 provinciam,
539 873 673 938 quaeque
702 866 803 936 postea
821 857 993 930 acciderant,
1015 857 1052 918 de
1070 858 1214 937 ¹angustiis

139 941 176 1001 ad
191 942 314 1002 Ilerdam
338 943 381 1002 rei
405 943 622 1015 frumentariae,
641 944 760 1021 accepit,
784 947 871 1022 atque
893 943 1020 1004 haecad
1044 962 1112 1003 enm
1128 943 1213 1004 latius
1291 1005 1293 1010 ,

139 1035 228 1104 atque
241 1027 369 1088 inflatius
385 1027 525 1088 Afranius
539 1027 746 1106 perscribebat,
764 1047 795 1088 se
810 1046 929 1108 quoqne
950 1029 1099 1090 admotus
1115 1031 1212 1088 fortu-

139 1129 196 1172 nae
216 1130 336 1172 movere
360 1113 464 1190 coepit.
1039 1176 1042 1182 ,

212 1194 277 1259 18.
318 1198 467 1259 Delectum
495 1197 596 1258 habuit
620 1207 679 1259 tota
699 1199 859 1276 provincia,
877 1197 1040 1276 legionibus
1061 1198 1214 1276 completis

139 1281 255 1342 duabus
270 1283 407 1343 cohortes
424 1283 538 1343 circiter
554 1301 614 1342 xxx
628 1283 730 1343 alarias
753 1283 870 1343 addidit.
900 1283 1053 1343 Frumenti
1072 1299 1214 1362 magnum

139 1385 301 1426 numerum
312 1368 414 1444 coegit,
425 1369 506 1446 quod
517 1367 756 1439 Massiliensibus,
769 1369 838 1428 item
850 1368 930 1445 quod
944 1368 1066 1429 Afranio
1081 1367 1212 1428 Petreio-

141 1468 200 1528 que
222 1451 356 1510 mitteret.
398 1451 493 1510 Nares
513 1451 616 1530 longas
637 1471 657 1510 x
676 1452 824 1512 Gaditanis
847 1459 880 1511 ut
900 1455 1030 1513 facerent
1050 1453 1213 1530 imperavit,

142 1536 312 1613 complures
326 1541 475 1613 praeterea
489 1535 600 1613 Hispali
616 1535 763 1596 faciendas
778 1537 898 1597 curavit.
919 1535 1078 1596 Pecuniam
1093 1555 1213 1596 omnem
1227 1542 1243 1590 2

142 1621 301 1698 omniaque
314 1627 486 1682 ornamenta
502 1639 538 1680 ex
555 1614 623 1680 farao
639 1621 773 1680 llerculis
792 1621 824 1680 in
840 1619 982 1698 oppidum
1002 1621 1089 1680 Gadis
1106 1629 1213 1681 contu-

140 1705 285 1778 lit3eov1
304 1706 441 1766 cohortes
461 1705 597 1784 praesidii
617 1724 705 1766 causa
723 1725 759 1765 ex
781 1705 931 1784 provincia
953 1705 1031 1764 misit
1050 1705 1214 1784 Gaiumque

142 1790 317 1862 Gallonium,
332 1791 460 1868 equitem
476 1791 654 1863 Romanum,
676 1791 847 1851 familiarem
869 1789 996 1862 Domitii,
1015 1790 1066 1868 qui
1083 1809 1117 1850 eo
1140 1808 1213 1868 pro-

143 1875 290 1935 curandae
309 1873 475 1956 hereditatis
499 1893 585 1935 causa
613 1884 733 1954 venerat
763 1875 870 1935 missus
899 1895 915 1934 a
945 1875 1082 1949 Domitio,
1104 1875 1213 1953 oppido
1321 1871 1323 1874 ’

143 1959 272 2021 Gadibus
290 1960 444 2038 praefecit;
469 1979 550 2020 arma
575 1961 674 2020 omnia
699 1959 812 2038 privata
841 1978 875 2020 ac
896 1959 1012 2038 publica
1036 1961 1068 2019 in
1089 1960 1213 2020 domum

143 2045 265 2106 Gabeni
288 2045 418 2106 contulit.
453 2046 520 2122 lpse
550 2045 651 2106 habuit
678 2049 781 2124 'graves
811 2045 842 2106 in
868 2044 1021 2106 Caesarem
1050 2046 1243 2106 contiones3

142 2130 233 2208 Saepe
247 2148 283 2190 ex
298 2130 436 2190 tribunali
451 2128 628 2208 praedicavit
649 2130 770 2190 adversa
795 2130 948 2191 Gaesarem
970 2131 1080 2208 proelia
1099 2130 1212 2202 fecisse,

141 2232 281 2294 magnum
296 2232 456 2275 numerum
471 2214 506 2275 ab
524 2233 559 2276 eo
575 2215 701 2275 militum
717 2215 753 2275 ad
767 2215 922 2276 Afranium
940 2217 1121 2294 perfugisse:
1141 2217 1213 2275 haec

141 2319 172 2361 se
195 2300 281 2360 certis
301 2301 421 2372 nuntiis
443 2300 530 2360 certis
556 2299 725 2360 auctoribus
754 2300 943 2377 comperisse.
988 2299 1102 2372 Quibus
1123 2299 1243 2360 rebus4
1306 2321 1311 2331 “

140 2385 311 2463 perterritos
334 2385 404 2444 civis
424 2385 575 2444 Romanos
598 2384 660 2444 eius
683 2383 851 2461 provinciae
869 2383 924 2444 sibi
944 2383 980 2443 ad
1000 2383 1212 2461 rempublicam
1297 2390 1300 2396 ’

141 2469 400 2530 administrandam
417 2469 465 2528 HS
481 2486 577 2527 ccxxx
593 2475 622 2528 et
635 2468 746 2546 argenti
762 2469 862 2544 pondo
880 2486 919 2526 xx
938 2467 1025 2538 milia,
1042 2468 1128 2527 tritici
1145 2485 1213 2542 mo-

55 2599 57 2602 -
140 2555 205 2615 dios
218 2573 274 2614 cxx
289 2553 366 2613 milia
383 2551 514 2630 polliceri
526 2553 631 2630 coegit.
662 2554 742 2625 Quas
752 2552 866 2612 Caesari
881 2571 945 2612 esse
963 2553 1070 2612 amicas
1085 2551 1213 2612 civitates
1227 2563 1243 2612 5

140 2639 344 2711 arbitrabatur,
358 2638 404 2697 his
419 2637 551 2716 graviora
564 2655 654 2697 onera
665 2636 835 2716 iniungebat
848 2637 1049 2716 praesidiaque
1068 2655 1102 2696 eo
1118 2637 1213 2697 dedu·
1272 2717 1275 2723 Ι

176 2759 199 2809 3.
230 2772 317 2820 marma
346 2773 394 2806 erae
420 2759 448 2805 m
475 2770 530 2816 ape:
565 2771 652 2820 magne
702 2754 747 2804 das
766 2752 846 2803 Gliick
864 2752 919 2803 sich
936 2753 1028 2818 neigte.

140 2825 266 2876 natiirlich
283 2824 351 2873 nicht
368 2824 414 2873 mit
431 2828 458 2874 tm
475 2841 515 2885 ape
532 2823 566 2888 (in
584 2822 650 2873 Aus-
739 2818 789 2878 18.
816 2825 836 2874 1.
856 2825 986 2886 legionibus
1008 2825 1107 2873 duabus.
1141 2823 1166 2872 S.
1187 2827 1210 2886 1,

141 2894 213 2956 siclt)
233 2909 264 2942 zu
285 2892 429 2944 verbinden.
444 2919 477 2928 -
491 2896 520 2942 de
533 2897 651 2958 arpertr't'r
702 2893 744 2953 38,
766 2893 786 2943 1.
805 2919 838 2926 -
855 2894 954 2942 alarias.
982 2890 1007 2941 S.
1033 2908 1064 2941 zu
1087 2895 1109 2954 1,
1129 2894 1169 2954 73,
1189 2895 1212 2944 3.

140 2967 178 3014 rer*
186 2965 284 3027 frum:
303 2961 328 3012 in
346 2961 453 3023 Betreff;
471 2977 490 3010 s.
512 2964 534 3024 1,
559 2964 601 3024 20,
620 2965 649 3013 t:
718 2961 760 3011 v2.
780 2977 809 3010 ere
820 2961 887 3024 famo
901 2963 1015 3011 Herculea
1028 2959 1074 3010 anf
1085 2961 1140 3010 dem
1152 2961 1211 3010 siid-

139 3037 168 3083 de
183 3035 215 3085 t.
233 3032 420 3095 Domittr'fupa,
446 3032 487 3092 33,
509 3033 535 3082 1:
554 3047 604 3080 rem
623 3033 651 3080 de
701 3027 785 3078 lichen
817 3028 975 3093 Vorgebirge
1004 3029 1049 3078 der
1077 3027 1151 3078 insol.
1176 3055 1212 3064 -

140 3104 259 3151 mittendis
276 3103 364 3164 legatia.
383 3099 419 3148 .B.
440 3097 469 3148 G.
489 3102 513 3162 5,
527 3100 568 3160 53,
581 3103 611 3160 43
625 3102 649 3159 l,
696 3101 1012 3160 promrandaemredttette
1023 3115 1101 3148 mure.
1123 3095 1212 3147 Gallo*

140 3172 164 3229 9,
186 3171 207 3220 f.
224 3195 258 3203 -
276 3171 393 3232 anqustiis
406 3171 440 3218 ad
455 3169 577 3218 Ilerdam:
603 3167 649 3216 llio
701 3165 757 3216 nius
775 3165 850 3216 sollte
868 3164 910 3216 bir
927 3165 1049 3216 Domitius
1073 3166 1129 3216 eine
1145 3165 1212 3215 llrb-

140 3235 298 3303 Priiposition
310 3235 355 3285 mit
366 3235 446 3284 ihrem
458 3234 553 3300 Nomen
572 3234 649 3284 attri-
701 3232 785 3284 schaft
799 3236 975 3286 libernehmen.
1003 3257 1007 3274 ·

140 3305 212 3356 butiv
239 3302 319 3354 eincrn
343 3303 490 3353 Substantiv
519 3301 650 3367 beigeftigt
735 3305 759 3355 4.
786 3307 820 3353 ad
845 3306 1014 3364 rempublicam
1039 3306 1212 3352 adminr'etran·

141 3377 204 3424 olane
215 3371 403 3435 Vermittelung
413 3373 495 3421 durch
513 3372 568 3421 eine
582 3371 649 3421 Ver·
700 3374 756 3421 dam
774 3371 824 3422 wie
845 3374 866 3434 1,
892 3375 916 3432 l,
935 3375 965 3423 6:
988 3374 1157 3432 rempublicam
1173 3387 1212 3434 pez

138 3441 254 3504 balform,
268 3440 318 3491 wie
330 3441 415 3503 htnng
428 3439 469 3490 bei
482 3439 574 3501 Ciisar3
590 3455 612 3488 z.
623 3441 649 3488 B.
700 3443 850 3492 rere—HS
861 3438 1211 3490 CLXXqucrkldrennach

44 3520 52 3538 '⁵
139 3527 159 3562 c.
173 3506 335 3574 39,2;B.G.
350 3512 373 3571 4,
387 3511 466 3572 33,1;
483 3511 507 3572 5,
526 3509 649 3569 13,1und
704 3511 726 3570 1,
747 3510 788 3568 23,
807 3512 832 3568 4,
861 3508 916 3557 also
938 3511 1071 3557 sestertium
1089 3510 1174 3556 terties
1190 3517 1213 3556 et

139 3584 162 3633 4.
175 3581 457 3644 -latimeetr'rrstatime
483 3576 508 3626 S.
522 3591 542 3626 c.
562 3579 604 3638 39,
619 3579 649 3638 43
702 3581 808 3640 octogies,
843 3578 873 3628 18
905 3575 1035 3626 Millioncn
1064 3573 1210 3624 Sestertium

140 3651 162 3712 3,
179 3651 220 3712 tn,
234 3651 258 3701 4.
276 3647 363 3711 Vergl.
380 3649 401 3708 1,
419 3648 459 3708 53,
477 3648 498 3698 1.
516 3644 598 3696 Ucber
609 3645 649 3694 die
701 3671 734 3705 -‚
742 3647 832 3705 pondo,
846 3642 1033 3694 eindefectiver
1045 3642 1150 3693 Ablativ
1166 3646 1211 3692 ‘an
1308 3644 1311 3649 '

138 3717 302 3780 Verbindung
319 3715 534 3780 gleichlautendcr
556 3712 649 3764 Worte
702 3710 869 3774 Gewicht',
887 3712 953 3761 wird
969 3712 1048 3762 durch
1065 3712 1116 3762 alle
1134 3711 1212 3762 Casus

140 3803 159 3836 s.
180 3789 202 3849 1,
217 3787 257 3848 33,
276 3788 300 3838 6.
318 3811 351 3820 -
369 3801 393 3834 ae
404 3799 497 3848 quoque
509 3809 543 3819 ··—
557 3799 649 3832 merere
701 3778 920 3830 unvertindertfrir
931 3778 1211 3845 Pfundegebraucht

139 3859 222 3916 eoepit:
240 3853 296 3904 sich
312 3854 378 3902 nach
396 3853 441 3903 der
455 3851 588 3914 Wondung
605 3851 649 3900 des
701 3875 734 3884 *—
757 3851 848 3898 medior
870 3853 939 3900 OXX
963 3853 1045 3911 mrlr'rt,
1071 3849 1212 3900 nichtmo·

141 3921 249 3974 Gliiekes
274 3939 305 3972 zu
323 3922 437 3989 werden,
460 3920 544 3984 dabir,
563 3919 649 3968 wehin
701 3921 805 3981 diomrm,
831 3917 880 3968 wic
905 3920 929 3980 3,
954 3921 979 3980 4,
1007 3921 1035 3970 3:
1068 3921 1213 3984 Sagittarius
