2880 4612
216 331 280 396 238
615 331 658 382 nu
676 332 782 382 sumo
801 331 902 383 civim

216 505 330 547 remem
351 495 379 545 et
397 487 527 546 minores
549 486 622 546 duas
644 487 676 548 in
697 487 838 565 angustiis
859 495 963 565 portus
984 487 1067 564 cepit,
1085 487 1215 565 itemque
1238 505 1293 564 per

187 573 329 650 aequites
343 572 502 650 dispositos
517 589 592 648 aqua
613 572 770 649 prohibere
785 571 948 631 classiarios
968 573 1101 632 instituit.
1138 571 1195 632 Sed
1214 572 1291 632 Lae-

214 658 272 717 lius
292 665 426 736 tempore
447 657 516 716 anni
538 657 741 717 commodiore
763 676 836 716 usus
859 656 895 717 ad
920 657 1118 735 navigandum
1146 658 1292 718 onerariis

216 741 339 801 navibus
362 742 490 819 Corcyra
507 742 749 820 Dyrrhachioque
772 760 879 820 aquam
901 743 963 802 suis
984 742 1175 820 supportabat
1192 760 1292 819 neque

186 843 231 892 4a
264 827 416 904 proposito
450 826 651 887 deterrebatur
684 845 781 904 neque
812 835 879 887 ante
910 827 1057 904 proehum
1078 828 1111 887 in
1142 828 1293 894 Thessalia

216 915 326 971 factum
348 912 498 990 cognitum
518 921 569 971 aut
588 912 749 991 ignominia
771 912 946 972 amissarum
966 913 1086 972 navium
1109 920 1158 972 aut
1184 930 1291 972 neces-

216 997 359 1057 sariarum
380 1015 481 1057 rerum
504 997 603 1074 inopia
622 1015 657 1057 ex
678 1006 767 1075 portu
789 997 943 1075 insulaque
963 997 1067 1076 expelli
1085 998 1189 1074 potuit

302 1081 372 1143 101.
404 1082 502 1142 lsdem
521 1084 583 1141 lere
602 1082 786 1160 temporibus
808 1082 925 1142 Cassius
946 1100 1014 1141 cum
1034 1083 1125 1142 classe
1145 1083 1291 1160 Syrorum

216 1175 245 1226 et
260 1166 443 1226 Phoenicum
461 1175 489 1226 et
504 1167 625 1226 Cilicum
641 1168 672 1227 in
689 1167 814 1228 Siciliam
834 1168 922 1239 venit,
940 1177 968 1226 et
984 1185 1051 1226 cum
1067 1174 1143 1228 esset
1160 1167 1291 1228 Caesaris

216 1251 316 1311 classis
329 1251 420 1311 divisa
436 1252 467 1310 iu
482 1251 554 1312 duas
571 1261 676 1329 partes,
693 1252 828 1313 dimidiae
844 1253 919 1330 parti
932 1261 1081 1329 praeesset
1094 1253 1127 1312 P.
1142 1253 1291 1330 Sulpicius

215 1344 334 1413 praetor
350 1335 462 1395 Vibone
479 1337 515 1396 ad
530 1339 649 1410 fretum,
664 1338 799 1397 dimidiae
813 1338 851 1397 M.
864 1337 1050 1414 Pomponius
1065 1337 1101 1397 ad
1116 1338 1290 1410 Messanam,

215 1421 299 1498 prius
314 1421 430 1481 Cassius
446 1422 482 1481 ad
496 1422 660 1482 Messanam
680 1422 804 1482 navibus
826 1421 979 1494 advolavit,
1000 1441 1090 1500 quam
1104 1421 1291 1501 Pomponius

186 1517 201 1567 2
216 1505 253 1565 de
275 1506 338 1567 eius
354 1507 481 1566 adventu
497 1515 697 1584 cognosceret,
718 1507 982 1586 perturbatumque
997 1525 1066 1567 eum
1085 1516 1187 1568 nactus
1202 1509 1291 1568 nullis

216 1591 356 1650 custodiis
379 1608 475 1668 neque
496 1592 650 1652 ordinibus
671 1593 756 1654 certis
778 1610 884 1670 magno
908 1601 995 1652 vento
1012 1601 1041 1653 et
1056 1593 1188 1652 secundo
1204 1612 1290 1656 com-

215 1677 306 1754 pletas
329 1676 477 1736 onerarias
500 1694 590 1736 naves
609 1677 691 1737 taeda
711 1687 739 1738 et
755 1677 819 1754 pice
836 1685 864 1736 et
884 1686 969 1754 stupa
989 1677 1169 1755 rehquisque
1189 1678 1290 1750 rebus

216 1779 291 1838 quae
313 1771 383 1820 sunt
404 1761 439 1820 ad
459 1762 602 1834 incendia,
619 1762 650 1821 in
666 1762 899 1840 Pomponianam
917 1762 1039 1822 classem
1059 1762 1181 1822 immisit
1202 1773 1290 1840 atque

216 1864 320 1905 omnes
348 1864 437 1906 naves
468 1846 599 1906 incendit
627 1865 719 1920 xxxv,
734 1867 767 1930 ⁸e
801 1847 910 1926 quibus
938 1855 1021 1906 erant
1049 1866 1088 1906 xx
1116 1856 1289 1908 constratae.

186 1941 200 1990 3
216 1931 386 2008 Tantusque
408 1948 443 1990 eo
467 1933 543 1990 iacto
566 1932 655 1991 timor
668 1933 796 2004 incessit,
819 1942 859 2004 ut,
878 1950 946 1990 cum
962 1941 1039 1992 esset
1051 1933 1126 2011 legio
1143 1934 1290 2011 praesidio

214 2015 377 2085 Messanae,
402 2015 451 2072 vix
473 2016 617 2092 oppidum
639 2016 860 2088 defenderetur,
889 2025 917 2076 et
938 2016 994 2076 nisi
1015 2036 1051 2076 eo
1070 2019 1136 2096 ipso
1157 2026 1290 2095 tempore

216 2097 335 2175 quidam
358 2099 454 2157 nuntii
479 2100 515 2158 de
537 2100 667 2160 Caesaris
684 2102 802 2162 victoria
821 2119 876 2180 per
890 2102 1048 2179 dispositos
1065 2103 1177 2180 equites
1192 2111 1290 2162 essent

215 2183 303 2255 allati,
341 2183 544 2244 existimabant
570 2185 703 2263 plerique
733 2189 868 2246 futurum
890 2186 998 2258 fuisse,
1034 2187 1077 2246 uti
1097 2188 1289 2248 amitteretur.

185 2267 271 2328 tsed
308 2269 558 2346 opportunissime
593 2271 704 2331 nuntiis
740 2272 829 2332 allatis
865 2271 1007 2349 oppidum
1044 2279 1088 2331 est
1117 2273 1288 2344 del'ensum3

215 2353 392 2432 Cassiusque
414 2353 449 2413 ad
466 2354 664 2433 Sulpicianam
681 2355 749 2416 inde
768 2352 890 2416 classem
906 2358 1057 2434 profectus
1077 2365 1120 2417 est
1135 2357 1289 2429 Vibonem,

186 2452 201 2500 5
215 2439 422 2517 applicatisque
434 2441 590 2500 nostrised
608 2449 716 2500 terram
733 2441 856 2500 navibus
871 2449 992 2522 propter
1006 2442 1134 2501 eundem
1153 2443 1289 2502 timorem

214 2525 278 2602 pari
300 2532 387 2602 atque
409 2535 492 2584 antea
513 2526 626 2584 ratione
658 2526 822 2585 secundum
851 2536 954 2586 nactus
986 2535 1108 2586 ventum
1139 2528 1289 2588 onerarias

250 2744 273 2793 3.
291 2759 366 2806 neque
384 2745 559 2792 deterrebatur:
594 2741 618 2790 S.
645 2758 676 2792 zu
702 2746 724 2806 1,
778 2744 897 2808 0rduung
914 2744 1032 2806 standon,
1055 2759 1097 2806 um
1116 2743 1188 2794 einen
1206 2745 1288 2810 plb'tz-

214 2813 256 2871 44,
275 2813 299 2862 4.
776 2812 858 2862 lichen
876 2813 979 2876 Angrill
998 2810 1145 2862 aulnehrnen
1170 2829 1201 2861 zu
1224 2815 1288 2862 klin-

249 2881 272 2929 4.
303 2888 358 2929 certe
375 2883 496 2940 proeltmn
520 2882 547 2928 ire
571 2882 614 2928 Tb.
627 2880 726 2942 factum
776 2896 832 2930 neu.
847 2908 880 2916 —
894 2899 978 2945 mayoc
992 2891 1059 2930 ocrem
1072 2891 1095 2931 ct
1110 2885 1220 2942 secondo,
1238 2881 1289 2932 wic

213 2950 340 3009 sopatrum.
369 2946 407 2996 lla
425 2951 452 2996 ire
469 2951 513 2998 Tb.
525 2948 622 3010 factum
640 2947 725 3013 Appo·
779 2952 801 3009 1,
820 2951 862 3009 25,
881 2952 896 3001 6
913 2955 998 2999 altiore
1015 2967 1087 3014 aqua,
1110 2953 1151 3004 5⁰.
1171 2952 1199 3001 3:
1218 2955 1288 3012 rapi·

213 3013 290 3062 sitiou
326 3015 373 3074 ist,
409 3015 455 3064 hat
489 3015 529 3066 die
562 3016 725 3080 Verbinduug
776 3021 873 3068 dissime
898 3021 1010 3082 sternier.
1028 3045 1062 3054 -
1084 3035 1146 3081 quae
1172 3027 1231 3069 curet
1257 3023 1291 3068 ad

207 3083 305 3144 factem
323 3087 442 3146 repertum
462 3083 723 3143 nichtsAullallendes
775 3090 900 3136 incendic:
937 3087 1074 3136 brennbare
1110 3086 1204 3148 Stolle3
1239 3105 1290 3138 eece

213 3151 263 3200 und
281 3149 315 3200 ist
332 3149 401 3198 nicht
418 3167 449 3200 zu
468 3150 547 3214 vergi.
565 3153 610 3200 mit
619 3152 723 3217 Stellen,
775 3158 809 3204 cd
822 3177 857 3196 =
875 3154 963 3204 dienen
981 3171 1011 3204 zu
1030 3161 1118 3217 etwas,
1145 3159 1179 3204 ad
1194 3153 1288 3206 Zweck

213 3219 263 3268 wie
280 3219 306 3267 Β.
326 3216 355 3268 G.
374 3220 398 3279 8,
420 3222 459 3282 13,
479 3222 506 3270 2:
518 3227 724 3279 pacccercsr'cten·
774 3224 825 3272 uud
843 3223 1016 3286 Restimrnuug.
1050 3223 1109 3286 vgt.
1130 3223 1180 3272 Cic.
1199 3239 1238 3289 ep.
1256 3225 1286 3274 ad

212 3291 276 3338 tibur
294 3288 432 3350 interfectas,
451 3287 512 3336 oder
529 3288 615 3338 ebend.
634 3293 675 3352 20,
695 3293 724 3341 2:
775 3291 828 3342 nat.
847 3294 871 3348 3,
891 3295 915 3351 'l‚
934 3295 963 3344 2:
986 3295 1080 3354 reliqua
1103 3302 1211 3354 tempero
1232 3302 1290 3342 roret

208 3359 295 3417 paucis
312 3367 383 3420 alque
399 3359 438 3405 bis
454 3360 585 3406 vulneris
602 3363 708 3419 receptis.
775 3378 824 3410 nco
850 3371 899 3410 tum
922 3364 957 3410 ad
980 3365 1122 3410 medicinam
1152 3378 1226 3424 quem
1256 3365 1290 3410 ad

251 3420 323 3483 101.
345 3427 366 3476 1.
385 3428 493 3474 Cassius:
520 3440 541 3474 c.
561 3428 584 3487 5,
604 3428 627 3477 3.
646 3453 680 3462 -—
697 3431 725 3477 dc
769 3434 848 3494 finem
856 3433 952 3479 delorr's.
971 3428 1287 3480 Dielcsartderzweiten

211 3497 315 3544 adverte
332 3505 482 3558 ccqnesccret.
506 3493 530 3542 S.
548 3510 579 3544 zu
599 3497 621 3556 1,
641 3497 681 3556 22,
701 3499 725 3548 6.
775 3497 882 3547 Familia
900 3499 945 3546 der
962 3497 1097 3546 llandschr.
1116 3497 1150 3547 ist
1170 3509 1239 3560 apem
1255 3501 1290 3548 cd

183 3606 185 3609 .
247 3563 271 3612 2.
288 3567 490 3613 edisseruerat
507 3580 582 3626 eaeque
599 3567 725 3614 ordinibus
774 3570 894 3617 incendic.
912 3593 947 3602 ·-
963 3576 1107 3616 constratae:
1127 3569 1150 3624 1,
1169 3569 1211 3627 56,
1233 3569 1254 3617 l.

212 3629 267 3678 sind
294 3631 408 3680 absolute
432 3631 488 3681 Abl.
514 3633 565 3682 und
592 3631 723 3682 euthalteu
808 3637 832 3686 3.
848 3640 920 3684 timer
939 3640 1044 3684 iaceam:
1064 3638 1087 3694 2,
1106 3637 1147 3694 29,
1169 3637 1191 3686 1.

212 3698 258 3746 den
279 3696 366 3748 Grund
384 3701 427 3748 des
440 3703 616 3761 pernotatum.
647 3703 672 3751 B.
692 3699 722 3751 G.
809 3705 832 3754 5.
852 3708 1068 3764 praetereundem
1087 3707 1202 3753 crucem.
1238 3701 1285 3751 llle

213 3769 237 3827 5,
256 3767 299 3824 42,
318 3769 347 3816 3:
365 3771 642 3839 mllcsurcrnmtorrm
656 3775 723 3830 copia
773 3771 915 3835 Resatzung
943 3788 991 3821 von
1009 3771 1123 3822 Messana
1143 3773 1215 3821 hatto
1232 3771 1287 3821 sich

212 3859 246 3868 -
262 3836 351 3897 pladite
367 3841 462 3896 remites
475 3841 642 3888 circumcidere
660 3842 723 3888 nite·
773 3838 826 3903 laig
843 3841 956 3904 gezeigt3
974 3839 1085 3890 dissolbe
1100 3839 1214 3902 Feighcit
1227 3855 1285 3888 ver-

149 3911 150 3917 *
212 3903 308 3950 herrm.
329 3927 362 3936 -
380 3919 455 3966 nepte
484 3909 610 3954 ordinetur
639 3912 725 3957 cerem
775 3909 884 3958 anlasste
903 3909 943 3958 dic
960 3907 1223 3958 Flottenmaunschal’c
1243 3907 1286 3956 des

213 3968 245 4016 da
268 3967 305 4017 sie
329 3968 399 4018 nicht
422 3970 448 4018 in
471 3971 541 4021 einer
567 3973 723 4025 bestimmten
775 3975 907 4042 Sulpicius,
926 3977 980 4026 ihre
997 3977 1089 4026 Schille
1108 3977 1152 4026 bei·
1166 3977 1286 4026 Anuahe-

1339 3555 1365 3574 p
