2880 4612
590 348 632 402 111.
650 354 759 405 ass-se.
989 305 990 308 Ἴ
1156 350 1217 418 195

72 491 82 512 ⁴
153 521 257 584 magna
271 503 363 584 copia.
383 505 427 566 lix
442 504 500 566 boc
512 505 629 568 ellectos
641 524 740 586 panes,
756 525 825 567 curn
838 505 869 566 in
885 505 1036 585 colloquiis
1045 507 1217 586 Pompeiani

152 589 260 650 famem
276 590 385 651 nostris
400 589 586 665 oblectarent,
600 592 689 672 vulgo
704 591 736 652 in
747 589 955 665 eosiaciebant,
967 601 999 653 ut
1013 609 1096 674 spern
1111 611 1216 654 eorum
1289 602 1291 605 ’

152 674 326 736 minuerent.
1169 723 1170 728 ,

235 757 287 822 49.
308 760 428 839 lamque
451 762 599 822 frumenta
622 770 816 823 maturescere
837 760 1022 841 incipiebant,
1044 769 1131 842 alque
1151 762 1215 841 ipsa

151 863 219 924 spes
236 844 366 924 inopiam
396 845 584 920 sustentabat,
611 846 691 924 quod
720 847 850 908 celeriter
875 865 907 908 se
924 847 1076 908 babituros
1100 847 1214 926 cupiam

135 928 351 1003 confidebant3
368 930 546 1010 crebraeque
567 948 655 991 voces
677 931 803 992 militum
818 932 850 993 in
870 932 972 1011 rigidis
1003 933 1243 1012 colloquiisque2

149 1013 351 1089 audiebantur,
367 1016 450 1094 prius
464 1035 496 1078 se
513 1016 620 1077 cortice
636 1035 672 1077 ex
687 1015 842 1078 arboribus
859 1017 996 1092 victuros,
1017 1035 1106 1096 quam
1121 1017 1213 1078 Pom·

148 1101 250 1180 peium
273 1100 441 1162 emanibus
463 1101 646 1162 dimissuros.
688 1101 827 1163 Libenter
846 1103 933 1164 etiam
955 1121 990 1163 ex
1009 1103 1140 1184 perfugis
1161 1109 1243 1163 co-3

149 1185 330 1266 gnoscebant
346 1205 439 1266 equos
455 1204 559 1247 corum
570 1187 695 1262 tolerari,
713 1188 824 1267 reliqua
838 1195 911 1249 'vero
921 1188 1050 1250 iumenta
1063 1188 1213 1260 interisse3

148 1271 193 1332 uti
202 1279 301 1332 autem
316 1271 396 1350 ipsos
411 1271 574 1332 valetudine
589 1290 650 1333 non
664 1272 752 1346 bona,
768 1291 837 1333 cum
852 1273 992 1353 angustiis
1007 1273 1064 1335 loci
1079 1282 1108 1335 et
1123 1274 1214 1334 odore

64 1387 77 1412 ι
147 1363 242 1417 taetro
256 1373 294 1417 ex
310 1356 494 1418 multitudine
508 1357 682 1418 cadaverum
701 1365 729 1420 et
752 1358 902 1419 cotidianis
915 1358 1064 1420 laboribus
1082 1357 1214 1420 insuetos

149 1459 285 1521 operum,
301 1450 365 1502 tum
380 1459 471 1521 aquae
487 1461 603 1502 sumrna
617 1443 716 1521 inopia
734 1443 862 1504 allectos.
892 1443 997 1504 Omnia
1019 1443 1098 1504 enim
1112 1443 1243 1506 dumi-4

147 1545 188 1586 na
201 1534 289 1607 alque
306 1545 410 1588 omnes
424 1527 513 1599 rivos,
527 1527 578 1606 qui
593 1526 629 1587 ad
645 1545 725 1588 mare
739 1527 930 1607 pertinebant,
946 1529 1050 1589 Caesar
1065 1536 1116 1588 aut
1128 1547 1213 1609 aver-

145 1620 223 1673 serat
235 1619 285 1672 aut
301 1612 414 1692 magnis
428 1611 567 1690 operibus
585 1611 778 1686 obstruxerat,
794 1622 881 1691 alque
898 1620 931 1674 ut
948 1622 1032 1674 erant
1044 1613 1107 1673 loca
1124 1632 1213 1674 morr-

145 1706 233 1758 tuosa
255 1705 284 1758 et
303 1697 339 1758 ad
357 1715 462 1776 specus
476 1697 624 1776 angustiae
643 1697 770 1771 vallium,
783 1697 836 1758 bas
853 1697 971 1758 sublicis
987 1699 1019 1758 in
1037 1705 1144 1758 terram
1160 1699 1212 1759 de-

146 1781 246 1843 missis
269 1789 469 1861 praesepserat
488 1789 656 1861 terramque
674 1782 823 1856 adiecerat,
849 1791 883 1843 ul
913 1801 1019 1862 aquam
1042 1783 1213 1844 contineret

143 2026 227 2068 noster
254 2018 352 2068 melent
377 2019 449 2082 requi
474 2019 654 2069 menedemos
704 2016 746 2068 lch
763 2017 832 2068 halts
850 2017 959 2070 dissolbe
977 2015 1019 2068 liir
1034 2017 1115 2082 viillig
1132 2035 1211 2069 unnu-

144 2089 286 2148 eoneupsbs‘t.
392 2129 395 2136 r
703 2085 1212 2152 lilssiffideunfiirdenZosutzadspeeos

183 2156 206 2206 2.
229 2158 315 2218 culpo:
340 2157 361 2217 1,
386 2155 427 2216 28,
446 2155 469 2206 2,
503 2152 556 2203 Zur
573 2152 653 2204 Sucbe
703 2155 781 2206 findet
794 2156 848 2206 sich
859 2155 932 2207 lisine
946 2155 1211 2220 undesestellmund

144 2221 228 2286 ver-gl.
246 2221 338 2272 Sueten
357 2222 426 2272 Cass.
445 2223 491 2275 68:
518 2225 614 2272 Famem
632 2232 654 2274 st
703 2223 1210 2290 wenusrwirklicbdurchdensprucb·

143 2302 235 2342 ederes
252 2295 397 2343 meessteasss
417 2307 466 2342 nos
491 2307 544 2341 eum
565 2293 653 2342 obside-
704 2292 831 2357 gebraucb
873 2291 1066 2357 gerecbtlertigt
1108 2294 1211 2344 werden

143 2370 234 2412 rentur
250 2363 326 2425 modo,
345 2363 387 2412 sed
401 2369 424 2410 at
439 2363 464 2409 σι’
479 2363 528 2421 epse·
537 2363 598 2409 alsbs
614 2363 654 2410 ob·
704 2361 805 2424 iduato,
823 2360 906 2411 bliebe
919 2376 948 2412 er
959 2361 1046 2410 immor
1060 2361 1124 2410 noch
1135 2361 1210 2412 iiber-

143 2432 264 2492 adstent,
288 2437 353 2480 tamo
376 2445 443 2492 spere
467 2431 605 2492 emebant,
627 2437 654 2478 set
703 2429 798 2494 iliissig,
811 2427 1031 2479 duessrirC'sisurs
1040 2427 1133 2478 Zwsok
1146 2444 1210 2493 ganz

142 2499 322 2560 Dyrrlsebiesa
355 2501 487 2548 munitione
520 2499 653 2561 Pompeius,
704 2496 870 2562 gleicbgiiltig
886 2497 928 2560 ist,
948 2497 978 2547 ub
997 2496 1037 2547 die
1054 2495 1210 2550 Thalwiinde

143 2570 199 2618 uiso
215 2581 300 2631 ponere
307 2570 382 2628 penes
395 2582 424 2616 es
441 2567 521 2630 habu,
538 2581 585 2628 quo
602 2582 654 2614 sus-
704 2566 766 2617 oben
778 2566 857 2615 utibcr
872 2581 904 2616 un
919 2564 1037 2615 einander
1048 2565 1210 2616 berautroteu

141 2637 296 2697 sinebamur,
315 2652 368 2686 essm
378 2635 445 2698 feris
466 2635 514 2692 side·
533 2650 584 2683 reru
603 2650 652 2682 ests
703 2634 741 2684 uls
759 2641 843 2684 unteu.
875 2633 918 2685 lch
935 2633 1025 2698 gluube
1042 2631 1133 2697 feruor,
1152 2634 1209 2684 dass

143 2708 250 2763 deese,
272 2707 421 2766 amoverique
450 2706 513 2752 ostes
538 2718 581 2752 nee
603 2706 653 2752 oui·
703 2702 744 2754 die
762 2703 855 2754 Worte
872 2713 900 2754 ut
917 2712 986 2753 erant
1002 2705 1210 2754 losa-uallium

141 2789 219 2839 quam
230 2775 434 2835 ostendissemus,
452 2775 614 2832 sepelientis
632 2781 653 2822 et
702 2771 853 2822 numentlicb
870 2786 962 2836 weges.
980 2771 1025 2821 der
1043 2769 1210 2836 Fortsetzung

136 2843 360 2905 percenseamus
376 2844 454 2890 enimi
470 2855 569 2890 suorum
575 2840 652 2903 sran-
702 2843 850 2892 Memblicsb
859 2846 906 2891 etc.
920 2839 991 2889 nieht
1000 2839 1098 2890 erunt
1107 2840 1210 2890 worden

140 2919 265 2978 pemeus.
281 2907 348 2959 Plut.
361 2908 431 2959 Caes.
445 2910 485 2962 39.
499 2906 560 2974 App.
574 2909 598 2971 2,
611 2911 651 2960 61.
702 2909 876 2972 konnenswis
894 2911 919 2972 2,
938 2910 962 2971 8,
983 2911 1012 2962 2:
1030 2918 1057 2959 est
1078 2917 1112 2960 eet
1127 2925 1210 2960 rerum

180 2973 233 3036 49.
254 2980 275 3030 1.
292 2983 345 3039 pse
362 2994 429 3039 spes:
448 2979 470 3041 1,
490 2979 531 3040 56,
549 2979 573 3028 2.
701 2981 808 3029 monium
826 2982 937 3044 maqs’stsr
953 2993 1011 3028 usses
1028 2976 1078 3027 und
1090 2977 1116 3027 B.
1135 2975 1165 3028 G.
1184 2981 1208 3041 3,

181 3048 204 3099 3.
221 3050 332 3100 tolerari:
355 3045 458 3097 wiirden
482 3046 546 3094 noch
563 3045 651 3110 hinge-
703 3048 727 3110 8,
747 3047 775 3098 3:
801 3056 828 3098 ue
854 3057 910 3098 eunt
936 3047 1061 3097 Uadorum
1086 3048 1164 3098 asbus
1188 3057 1210 3099 st

141 3115 242 3178 brucht,
256 3112 413 3178 notbdiirltig
424 3114 550 3178 orbulteu3
569 3129 590 3164 c.
609 3116 650 3178 58,
701 3118 826 3178 repentina
842 3119 948 3166 esselis.
966 3113 1008 3166 leb
1020 3115 1090 3165 bulte
1104 3115 1209 3166 dcshslb

143 3187 175 3236 4:
193 3187 231 3234 bis
250 3186 382 3236 ratiombm
399 3187 529 3248 mudmum
542 3186 651 3234 tolerare.
702 3185 749 3234 deu
762 3182 829 3234 Text
839 3182 881 3234 iuis·
899 3183 1010 3234 offenbur
1022 3184 1142 3234 verderbt
1159 3185 1210 3234 und

143 3250 217 3302 Auch
233 3251 408 3318 unpsrsdnlich
426 3252 451 3302 B.
470 3249 499 3302 G.
518 3255 542 3314 l,
561 3253 602 3312 71,
621 3254 651 3304 4:
701 3253 799 3303 mdchte
826 3251 869 3302 ibn
895 3268 923 3303 so
951 3253 1112 3306 verbsssern:
1138 3263 1211 3316 etque

143 3324 311 3372 ratiosses'm'ta
327 3337 352 3371 se
368 3324 452 3386 seipse
464 3323 557 3370 dimum
574 3322 652 3370 XXX
701 3323 745 3372 udi
765 3332 834 3374 erent
857 3326 906 3372 losa
929 3332 1052 3372 moedussa
1074 3329 1096 3370 et
1112 3337 1211 3382 asperae

143 3393 231 3442 taem
247 3391 411 3455 frumentum,
432 3391 474 3440 sed
489 3392 565 3450 pauso
583 3392 653 3452 ets'sm
701 3394 824 3455 musaeus
852 3394 966 3456 sellium,
995 3394 1040 3440 tas
1068 3394 1116 3438 cot.
1162 3388 1210 3440 Die

145 3463 238 3523 lonpises
254 3462 353 3510 tolerari
363 3475 433 3520 posse
445 3459 572 3520 parcendo.
701 3459 791 3522 bilche,
806 3458 902 3509 wolcbe
928 3459 1006 3508 durch
1030 3457 1076 3506 den
1093 3471 1144 3506 von
1162 3456 1210 3507 den

179 3530 203 3579 4.
229 3530 264 3577 ad
286 3544 367 3590 specus
392 3530 516 3593 enpusts'se
540 3529 651 3577 uallium:
702 3526 882 3594 Pompeiunsru
905 3527 1034 3576 besetzteu
1058 3522 1209 3575 Lundstricb

145 3595 185 3646 die
202 3593 297 3646 Thiilor
314 3611 346 3646 so·
364 3611 424 3660 eng,
443 3596 501 3646 dass
518 3594 556 3645 sie
573 3595 652 3644 durch
701 3595 740 3646 ins
754 3594 824 3647 Mser
840 3598 937 3659 bosserr,
955 3593 1041 3646 leitetc
1055 3591 1134 3642 Cliser
1152 3600 1208 3644 ent-

146 3663 186 3714 die
197 3664 405 3729 iiborhiingendeu
422 3664 473 3714 und
490 3661 541 3713 lest
553 3679 651 3713 zusam-
701 3665 787 3714 wodor
804 3664 835 3714 ub
854 3663 914 3713 oder
931 3677 959 3714 er
971 3666 1114 3728 versperr‘te
1132 3661 1208 3713 ihneu

144 3732 347 3784 menstossenden
375 3732 465 3783 Felsen
500 3731 651 3782 schluchten
701 3733 749 3784 deu
759 3730 838 3794 Luul;
851 3730 1009 3782 imerstereu
1018 3728 1090 3781 Folle
1098 3731 1170 3782 hatte
1180 3746 1209 3782 er

145 3801 247 3851 iibnlicb
264 3816 364 3852 waren:
381 3802 413 3852 ud
427 3810 543 3866 specuum
560 3799 651 3850 simili·
701 3802 792 3852 weiter
808 3799 889 3850 nicbts
907 3815 938 3850 zu
955 3802 1025 3863 thun,
1047 3798 1083 3848 im
1099 3799 1208 3850 zweiteu

144 3869 255 3920 tudinem
274 3875 394 3934 angustus
417 3869 506 3920 valles.
540 3867 600 3918 Dies
617 3869 652 3920 ist
701 3875 794 3920 musste
811 3867 1076 3921 erWusserbehiiltsr
1093 3867 1206 3932 sulegon,

145 3937 183 3988 die
196 3939 369 4002 gewbbnlicbe
385 3939 435 3988 und
447 3936 516 3987 wohl
529 3938 593 3987 sucb
611 3938 651 3989 die
701 3938 751 3988 und
768 3937 858 3989 wiser
874 3938 1006 4002 diestbut,
1019 3935 1162 3989 bescbroibt
1180 3951 1209 3986 su·

145 4005 650 4073 einzigmdglicbellrkldruugdertslls.
701 4006 748 4057 mit
764 4006 811 4058 deu
828 4006 854 4057 in
862 4007 930 4059 Rode
942 4007 1079 4060 stebsnden
1090 4004 1207 4058 Worten.

1001 4089 1052 4145 13*
