2880 4612
234 317 298 384 243
624 317 669 367 ιι
683 287 788 367 annno
806 316 905 368 ιιιιιι

234 481 293 534 tam
309 473 363 533 late
377 473 453 533 tueri
468 491 556 551 parva
570 490 659 531 manu
674 479 870 550 ponpam-at
886 473 1100 550 confestimque
1115 471 1151 531 ad
1166 471 1297 532 Pharum

235 558 358 618 navibus
380 557 484 618 milites
503 557 644 636 exposuit

322 640 391 704 112.
408 642 522 703 Pharus
539 650 582 702 est
599 642 629 724 in
650 640 744 700 insula
764 641 853 702 turris
873 661 978 720 magna
991 641 1149 714 altitudine,
1167 641 1298 702 mirificis
1348 641 1350 644 ’

208 727 375 806 ιοριιιιιιιι
396 735 557 800 exstruata3
577 744 650 804 quae
671 743 781 785 nomen
801 726 837 785 ab
858 727 952 787 insula
967 727 1085 804 aceepit.
1107 727 1185 786 Haeo
1203 727 1300 787 insula

237 811 346 872 obieeta
358 812 545 872 Alexandriae
561 821 680 890 portum
697 810 801 883 efficit3
814 812 865 871 sed
879 831 896 872 a
909 811 1111 890 superioribus
1127 811 1299 890 regionibus

236 897 266 957 in
287 896 499 975 longitudinem
520 915 661 975 passuum
683 904 901 974 nongentorum
918 897 949 956 in
973 915 1054 956 mare
1074 897 1152 957 iactis
1170 897 1299 958 molibus

208 991 359 1060 sangusto
380 982 482 1042 itinere
500 993 528 1042 et
549 991 638 1061 ponte
659 999 727 1040 eum
749 981 858 1060 oppido
879 983 1073 1060 coniungitur.
1102 983 1137 1042 ln
1156 982 1211 1042 hae
1230 992 1300 1042 snnt

235 1067 330 1127 insula
360 1067 504 1126 domicilia
538 1066 747 1145 Aegyptiorum
785 1073 813 1126 et
847 1067 929 1126 vicus
960 1067 1060 1144 oppidi
1083 1067 1299 1146 magnitudine3

237 1170 371 1230 quaeque
388 1151 429 1212 ibi
451 1168 577 1228 eumque
599 1157 686 1212 naves
703 1151 901 1228 imprudentia
918 1161 969 1211 aut
989 1160 1158 1230 tempestate
1176 1153 1297 1230 paulum

235 1255 290 1296 suo
299 1254 388 1297 eursu
396 1237 591 1308 decesserunt
607 1235 657 1295 has
673 1253 755 1295 more
769 1236 951 1314 praedonum
968 1237 1094 1315 diripere
1108 1229 1297 1297 consuerunt

206 1321 272 1404 Ι,ιιι
300 1329 396 1382 autem
424 1321 536 1393 invitis,
563 1340 578 1380 a
608 1320 714 1397 quibus
742 1318 856 1381 Pharus
882 1329 1012 1394 tenetur,
1040 1339 1101 1381 non
1118 1330 1215 1401 potest
1233 1341 1297 1382 esse
1364 1357 1383 1381 κ

206 1437 221 1487 5
235 1414 355 1484 propter
376 1406 523 1485 angustias
542 1405 664 1466 navibus
680 1405 816 1466 introitus
829 1406 860 1467 in
875 1415 1003 1484 portum.
1029 1405 1170 1466 Hostum
1188 1407 1297 1468 veritus

235 1491 338 1551 Caesar
356 1491 489 1552 hostibus
509 1491 540 1552 in
562 1509 659 1568 pugna
677 1491 823 1568 occupatis
849 1491 988 1552 militibus
1011 1491 1149 1570 expositis
1166 1492 1297 1552 Pharum

205 1576 388 1653 eprehendit
419 1584 505 1654 atque
539 1573 579 1636 ibi
618 1575 795 1653 praesidium
829 1577 937 1654 posuit.
979 1575 1092 1650 Quibus
1129 1584 1172 1637 est
1206 1577 1297 1638 rebus

234 1661 378 1734 effectum,
399 1670 432 1722 ut
451 1669 513 1722 tuto
536 1664 718 1721 frumentum
740 1661 902 1739 auxiliaque
925 1661 1048 1721 navibus
1070 1661 1106 1721 ad
1132 1680 1296 1740 enm-sup-

233 1746 343 1823 portari
364 1754 494 1824 possent.
537 1745 651 1810 Dimisit
669 1745 748 1805 enim
770 1746 880 1806 circum
902 1764 1005 1806 omnes
1024 1747 1204 1824 propinquas
1222 1765 1296 1825 pro-

204 1831 342 1911 quinties
364 1839 449 1909 atque
470 1831 537 1891 inde
556 1831 659 1891 auxilia
681 1831 819 1891 evocavit.
839 1831 969 1909 Reliquis
985 1832 1086 1909 oppidi
1105 1831 1236 1910 partibus
1256 1833 1298 1892 sie

233 1923 277 1975 est
290 1925 460 1994 pugnatum,
477 1924 614 1993 utaequa
628 1915 738 1992 proelio
753 1915 950 1976 discederetur
966 1925 994 1976 et
1008 1917 1105 1976 neutri
1120 1917 1297 1994 pellerentur

118 2042 130 2064 .
233 1995 277 2079 (id
301 1999 465 2068 efficiebant
487 2001 636 2078 angustiae
661 1995 748 2082 loni),
774 2002 933 2080 paucisque
961 2001 1109 2079 utrimque
1137 2003 1296 2063 interiectis

204 2083 336 2160 gCaesar
356 2084 420 2144 loca
441 2085 567 2144 maxime
585 2085 746 2144 necessaria
764 2087 934 2163 complexus
953 2094 1043 2147 nootu
1064 2088 1239 2165 praemunit
1261 2089 1295 2148 ln

232 2169 289 2228 hoc
309 2175 402 2229 tractu
424 2169 523 2247 oppidi
545 2188 612 2247 pars
634 2177 695 2228 erat
717 2171 811 2248 regiae
832 2171 944 2249 exigua,
964 2172 995 2232 in
1018 2190 1105 2249 quam
1126 2172 1190 2249 ipse
1212 2173 1295 2232 habi-

231 2252 312 2313 tandi
331 2271 416 2314 causa
430 2254 513 2315 initio
530 2262 591 2314 erat
604 2253 751 2328 inductus,
773 2263 801 2315 et
813 2256 959 2316 theatrum
976 2257 1164 2316 coniunctum
1185 2257 1294 2330 domui,

233 2339 312 2422 quod
333 2339 407 2400 arcis
426 2340 541 2400 tenebat
560 2341 659 2399 locum
680 2339 832 2418 aditusque
852 2340 977 2401 habehat
997 2341 1032 2401 ad
1058 2351 1177 2420 portum
1205 2352 1234 2402 et
1260 2344 1296 2404 ad

232 2423 343 2501 reliqua
360 2425 477 2485 navalia.
520 2425 578 2484 llas
597 2424 774 2484 munitiones
790 2425 1012 2504 insequentibus
1033 2427 1113 2486 auxit
1130 2426 1243 2500 diebus,
1264 2437 1297 2488 ut

230 2591 302 2640 hatto
325 2592 434 2642 dadurch
457 2593 608 2656 wanigstons
632 2607 659 2642 so
687 2591 738 2641 viel
789 2594 832 2643 der
850 2592 1091 2644 leuohtthurminsel
1114 2593 1216 2658 goldhrt
1233 2611 1295 2646 war.

230 2674 379 2724 gerionaea,
410 2661 467 2711 dass
489 2677 531 2724 er,
564 2661 596 2710 da
615 2675 642 2710 or
658 2660 738 2710 selbst
788 2661 812 2711 S.
826 2662 870 2712 das
883 2678 966 2726 geogr.
976 2661 1036 2726 lieg.
1051 2669 1124 2712 untur
1132 2663 1296 2714 Alexandria.

230 2727 284 2778 aine
304 2727 389 2779 Flotte
407 2745 456 2780 von
475 2731 507 2782 34
518 2729 626 2778 Schiffen
643 2728 737 2791 hesass,
823 2732 846 2782 3.
864 2747 969 2795 quaeque
984 2735 1019 2780 ibi
1034 2748 1146 2794 mamque:
1162 2729 1266 2782 Tmesis.

230 2796 270 2847 die
293 2795 373 2847 ll'ailen
396 2799 446 2847 und
469 2798 509 2848 dio
527 2797 573 2848 See
598 2797 738 2862 hehaupton
823 2801 845 2850 5.
885 2802 992 2850 dorothae
1026 2803 1143 2862 occupato
1178 2803 1296 2852 marutha

229 2865 280 2914 und
296 2864 392 2916 Zuluhr
414 2868 464 2917 und
482 2865 656 2930 Verstiirlrung
679 2866 737 2916 hor·
787 2871 906 2928 expositas.
941 2866 966 2918 S.
984 2885 1015 2918 zu
1036 2871 1057 2931 1,
1077 2871 1118 2932 30,
1137 2871 1168 2936 5.Ι

230 2933 380 2984 boisohalien
399 2935 499 2986 konnto.
518 2933 561 2985 Boi
574 2935 629 2984 dem
641 2935 737 2984 Brande
822 2937 845 2987 6.
869 2937 961 2988 dimisit
984 2941 1073 2986 stratam
1097 2955 1177 2989 omnes
1190 2941 1294 2998 provin-

230 3001 275 3052 dor
298 3001 389 3053 thiffe
420 3005 505 3054 worda
528 3003 646 3068 librigens
673 3004 738 3052 auch
787 3007 842 3053 ιιι.
872 3003 952 3054 Uebor
969 3009 1061 3056 dimisit
1084 3007 1147 3055 ohne
1168 3005 1259 3057 Obioet
1275 3022 1293 3056 s.

230 3069 270 3119 dio
282 3068 410 3121 beriihmte
425 3070 738 3122 alexandrinisohassihlio-
788 3089 818 3121 zu
838 3074 863 3135 2,
882 3075 922 3135 20,
942 3076 965 3124 5.
983 3073 1020 3123 Zu
1038 3079 1126 3124 atreum
1143 3073 1195 3138 vgl.
1214 3090 1234 3124 c.
1253 3077 1294 3137 22,

229 3138 290 3188 thok
306 3137 333 3187 in
349 3137 431 3190 Asoho
449 3140 539 3205 gelagt
563 3167 596 3176 —-
618 3151 668 3192 tam
693 3145 738 3191 tote
790 3143 817 3192 1:
836 3144 941 3192 damnate
959 3147 1048 3192 drawn
1059 3146 1295 3209 msanolaa'po'ah'ttorh,

230 3210 305 3257 tueri:
336 3207 395 3257 weil
426 3208 493 3259 suine
525 3207 638 3275 Truppen
668 3208 737 3258 nieht
787 3209 837 3259 und
863 3213 885 3273 1,
912 3213 952 3274 14,
979 3213 1007 3262 5:
1034 3215 1177 3276 portatores
1206 3217 1294 3264 airaon

230 3273 399 3339 hinreiohten,
435 3276 460 3326 in
492 3292 519 3328 so
554 3277 644 3327 weiter
670 3277 737 3327 hus-
781 3279 895 3342 sasniliaa
912 3282 1043 3332 distribuit.

230 3344 345 3408 dohnung
362 3344 453 3395 Sohutz
471 3362 502 3395 zu
527 3347 673 3410 ganiman,
697 3362 737 3395 um
822 3350 845 3399 ι.
871 3351 905 3396 ιιι
923 3358 957 3398 eat
972 3359 1116 3412 prephatum.
1151 3345 1233 3398 Uober
1255 3347 1294 3398 dio

230 3411 266 3463 sio
284 3428 314 3462 zu
331 3414 477 3480 bohaupton.
502 3412 583 3465 Uaher
596 3425 659 3465 tuero
674 3411 740 3464 ohne
788 3413 836 3464 Art
861 3415 941 3466 diosas
967 3415 1194 3482 Strassenkamples
1222 3433 1242 3468 s.
1269 3417 1293 3466 B.

231 3480 320 3532 Obioet
336 3499 355 3532 s.
373 3499 404 3533 zu
422 3485 452 3547 2,
471 3487 511 3546 20,
531 3487 554 3536 5.
572 3510 605 3519 -
623 3486 736 3534 Pharum.
789 3480 862 3534 Alex.
884 3487 904 3535 1.
1087 3485 1090 3494 ’

230 3548 254 3598 S.
284 3551 328 3600 das
357 3554 489 3618 geograph.
521 3551 638 3616 negator
665 3557 739 3601 untor
825 3553 848 3604 8.
872 3555 905 3602 In
922 3556 965 3602 doc
982 3562 1060 3604 tractu
1078 3556 1161 3614 oppidi
1175 3553 1226 3604 wie
1245 3553 1294 3604 cie.
1348 3523 1363 3536 ⁴
1417 3523 1418 3530 i

229 3617 390 3669 Alexandria.
787 3635 833 3686 pro
863 3619 965 3670 Plancio
995 3623 1019 3683 9,
1051 3623 1096 3673 22:
1131 3631 1223 3674 tractus
1257 3627 1296 3672 illa

267 3683 341 3744 112·
361 3691 383 3740 2.
396 3691 738 3754 amparsbrihureaaonibua,
786 3691 949 3740 celeberrimus
982 3691 1137 3754 Venafranae
1158 3729 1164 3741 .
1183 3726 1189 3740 .
1211 3728 1242 3744 ..
1272 3708 1295 3741 aa

230 3767 280 3802 von
310 3755 364 3804 dem
394 3758 485 3808 oberen
509 3757 660 3808 Stadttheila
683 3772 736 3820 aus,
787 3761 860 3808 dutus
877 3762 964 3809 honam
980 3762 1090 3810 ornari.
1112 3797 1117 3808 .
1140 3771 1145 3808 ’.
1165 3795 1170 3809 .
1188 3763 1294 3811 arbitra-

231 3822 254 3874 d.
278 3821 295 3872 i.
320 3823 373 3873 dem
396 3823 483 3874 Theile
514 3825 558 3876 dor
582 3827 663 3889 Stadt,
694 3825 738 3876 dar
788 3829 865 3876 batur.
883 3853 916 3862 ..„
933 3831 996 3878 arcia
1022 3830 1112 3879 tenebat
1134 3831 1225 3878 loamn:
1255 3827 1294 3877 die

230 3889 277 3939 don
300 3888 394 3940 Nomen
418 3891 537 3942 Rhacotis
560 3893 657 3958 hilma,
687 3894 737 3943 und
787 3893 867 3944 Stella
890 3895 959 3945 einer
981 3897 1060 3960 berg,
1086 3896 1209 3947 Citudello
1236 3911 1293 3947 ver-

230 3973 279 4006 von
297 3957 416 4008 walaham
431 3961 475 4009 das
484 3959 662 4026 Heptastadion
673 3963 737 4010 nach
787 3969 846 4012 trat.
865 3989 897 3997 —
914 3973 937 4014 et
954 3968 987 4014 ud
1002 3969 1096 4029 reliqua
1112 3969 1208 4016 navalia
1231 3965 1254 4014 (ι.
1277 3965 1293 4014 i.
