2836 4586
559 308 589 364 n
608 313 717 364 42-44.
1117 311 1177 378 145

9 527 10 530 ,
110 468 215 528 ficitur.
245 466 365 543 Equites
384 484 420 524 ex
438 465 549 543 proelio
571 466 711 544 perpauci
730 485 761 526 se
779 465 941 543 recipiunt3
972 465 1023 525 sed
1050 466 1078 538 ii,
1099 470 1206 545 quos5

111 553 155 612 ad'
166 551 361 612 novissimum
383 569 487 629 agmen
503 569 648 630 equorum
664 550 892 610 reficiendorum
908 569 994 610 causa
1015 551 1176 614 substitisse

112 639 343 696 demonstratum
358 683 359 690 .
374 644 425 708 est,
455 639 525 715 luga
551 637 639 696 totius
665 636 809 696 exercitus
844 637 948 713 procul
977 635 1177 698 animadversa

112 741 176 782 sese
202 722 364 782 incolumes
390 720 420 780 in
450 729 542 782 castra
561 725 726 782 conferunt.
769 721 872 781 Milites
898 721 934 781 ad
962 739 1057 780 unum
1074 737 1177 782 omnes

109 807 334 868 interficiuntur.

195 889 246 953 43.
269 891 320 951 His
340 891 429 952 rebus
452 891 573 970 cognitis
595 891 719 951 Marcius
739 891 835 951 Rufus
857 899 995 969 quaestor
1022 891 1054 950 in
1077 891 1177 951 eastris

112 977 229 1036 relictus
245 996 262 1036 a
280 977 406 1036 Curione
425 976 594 1036 cohortatur
609 994 688 1048 suos,
701 994 738 1035 ne
753 976 851 1035 animo
868 975 1011 1036 deficiant.
1033 975 1076 1036 llli
1093 986 1179 1036 orant

112 1070 198 1140 atque
213 1061 375 1134 obsecrant,
393 1070 426 1121 ut
443 1061 474 1120 in
497 1061 621 1121 Siciliam
642 1061 764 1121 navibus
785 1068 981 1138 reportentur.
1021 1053 1178 1122 Pollicetur

112 1147 315 1226 magistrisque
334 1147 458 1233 imperat
472 1147 600 1217 navium,
619 1155 652 1206 ut
669 1147 765 1224 primo
787 1163 909 1224 vespere
929 1165 1032 1206 omnes
1054 1147 1175 1224 scaphas

110 1233 145 1292 ad
164 1233 231 1294 litus
252 1233 388 1310 appulsas
406 1231 539 1300 habeant.
587 1232 643 1292 Sed
668 1240 762 1292 mutus
785 1231 841 1292 luit
861 1232 995 1292 omnium
1017 1240 1121 1305 terror,
1144 1240 1205 1294 uti
1235 1259 1238 1266 ¹

41 1339 44 1346 ’
110 1317 156 1377 alii
178 1318 279 1377 adesse
297 1317 394 1394 copias
424 1317 511 1377 lubae
541 1317 678 1388 dicerent,
707 1317 753 1376 alii
782 1335 851 1376 cum
876 1317 1040 1395 legionibus
1068 1318 1176 1377 instare

12 1409 18 1417 ‘
109 1404 219 1462 Varum
235 1402 351 1480 iamque
368 1421 398 1461 se
414 1403 567 1480 pulverem
584 1401 764 1462 venientium
780 1420 899 1461 cernere
915 1396 1056 1483 (quarum
1074 1421 1176 1462 rerum

111 1482 321 1546 nihilomnino
339 1483 503 1566 acciderat),
518 1487 563 1546 alii
579 1487 700 1547 classem
722 1487 850 1546 hostium
872 1486 1002 1547 celeriter
1024 1486 1175 1548 advolatu-

108 1589 174 1632 ram
189 1572 417 1649 suspicarentur.
439 1573 539 1650 ltaque
555 1571 715 1649 perterritis
733 1570 871 1631 omnibus
887 1571 941 1630 sibi
957 1573 1082 1650 quisque
1102 1590 1175 1631 con-

110 1656 230 1718 sulebat.
256 1657 313 1728 Qui
327 1656 358 1716 in
376 1656 465 1716 classe
481 1665 571 1728 erant,
586 1656 731 1735 proficisci
745 1655 950 1734 properabant.
977 1656 1093 1716 Horum
1108 1659 1176 1734 fuga
1190 1661 1205 1710 3

110 1743 230 1802 navium
245 1741 446 1802 onerariarum
461 1741 615 1820 magistros
628 1741 780 1815 incitabat;
797 1741 881 1819 pauci
890 1741 1039 1801 lenunculi
1055 1742 1091 1801 ad
1107 1743 1175 1800 offi-

111 1828 190 1887 cium
204 1827 420 1905 imperiumque
442 1827 673 1888 conveniebam.-
694 1827 750 1887 Sed
768 1833 845 1887 tanta
867 1834 928 1887 erat
943 1827 1093 1905 completis
1107 1827 1205 1886 lito-4

109 1913 192 1972 ribus
211 1911 367 1984 contentio,
388 1913 439 1990 qui
467 1913 653 1990 potissimum
684 1931 719 1972 ex
748 1930 855 1990 magno
885 1929 1010 1972 numero
1031 1930 1175 1972 conscen-

110 1998 221 2069 derent,
238 2005 270 2056 ut
282 1997 466 2057 multitudine
481 2006 566 2076 atque
583 2016 673 2057 onere
689 1997 825 2056 nonnulli
840 1996 1083 2074 deprimerentur,
1105 1998 1174 2057 reli-

108 2083 161 2162 qui
182 2083 239 2142 hoo
259 2082 364 2142 timore
384 2083 507 2160 propius
527 2083 605 2143 adire
627 2082 821 2143 tardarentur.

115 2185 119 2192 ’
192 2165 243 2228 44.
256 2167 368 2240 Quibus
380 2167 468 2228 rebus
483 2169 594 2240 accidit,
606 2176 638 2228 ut
654 2169 739 2248 pauci
754 2167 857 2228 milites
872 2177 1029 2244 patresque
1041 2168 1174 2240 familiae,

107 2252 160 2330 qui
176 2261 226 2312 aut
241 2253 329 2330 gratia
344 2260 394 2313 aut
407 2254 606 2314 misericordia
618 2251 747 2313 valerent
758 2261 808 2312 aut
822 2271 911 2312 naves
923 2254 1030 2313 adnare
1045 2263 1174 2330 possent,

106 2337 218 2414 recepti
232 2337 263 2395 in
275 2337 398 2396 Siciliam
409 2325 573 2399 ihoolumes
589 2338 784 2415 pervenirent.
805 2336 944 2413 Reliquae
963 2337 1062 2414 copiae
1078 2337 1174 2397 missis

106 2422 145 2481 ad
165 2423 275 2482 Varum
293 2431 382 2480 noctu
397 2422 560 2499 legatorum
581 2439 706 2480 numero
726 2420 947 2480 centurionibus
964 2439 1028 2480 sese
1048 2421 1075 2480 ei
1090 2421 1174 2480 dedi-

107 2508 226 2566 derunt.
270 2506 402 2578 Quarum
422 2506 587 2565 cohortium
607 2505 710 2565 milites
728 2513 846 2583 postero
871 2504 916 2564 die
944 2513 1009 2564 ante
1032 2505 1203 2582 oppidum2

106 2590 181 2651 Iuba
194 2590 379 2667 conspicatus
394 2609 478 2650 suam
493 2610 556 2650 esse
571 2589 741 2668 praedicans
757 2588 897 2668 praedam
914 2600 1049 2668 magnam
1063 2598 1175 2667 partem

108 2694 215 2736 eorum
236 2675 359 2735 interfici
379 2676 471 2749 iussit,
493 2694 603 2754 paucos
625 2676 731 2735 electos
759 2675 791 2734 in
820 2693 946 2754 regnum
965 2675 1085 2748 remisit,
1107 2673 1175 2735 cum

107 2861 202 2910 Lucan.
221 2863 245 2923 4,
264 2863 327 2913 796:
365 2863 422 2910 Non
444 2863 498 2911 tulit
515 2863 616 2926 afflictat
701 2863 724 2912 4.
742 2863 785 2910 boe
801 2865 899 2910 timore:
918 2875 938 2908 c.
960 2862 1001 2922 20,
1022 2864 1045 2912 4.

104 2935 212 2980 animam
232 2933 364 2990 producere
386 2931 455 2978 rebec
479 2932 532 2980 Act
561 2927 615 2992 ape·
701 2924 752 2985 44.
780 2931 801 2980 1.
821 2939 905 2990 petrea
919 2930 1047 2991 familiae:
1068 2945 1088 2978 c.
1106 2933 1131 2992 4,
1151 2931 1174 2982 3.

105 3017 163 3050 rare
188 3000 292 3062 sapam,
324 3001 450 3061 ceciditque
478 3003 505 3050 in
539 3009 617 3064 serape
666 3025 699 3033 —
715 3001 809 3063 qrca'c:
827 2996 915 3061 Gunst,
941 2997 966 3046 iu
984 2997 1029 3046 der
1046 2997 1082 3048 sie
1102 3005 1174 3048 stan·
1237 3011 1240 3018 ’

104 3085 206 3118 suorum
227 3070 334 3132 Impiger
357 3071 390 3118 ad
411 3071 481 3118 letum
505 3078 525 3118 et
537 3069 615 3131 for·
643 3091 646 3098 ·
667 3067 720 3116 den.
739 3093 772 3101 -
791 3069 968 3116 misericordae:
991 3065 1104 3130 Mitloid,
1130 3067 1174 3116 das

105 3143 149 3188 tia
174 3141 294 3186 virtute
316 3145 429 3187 concta.
463 3137 515 3186 llas
533 3135 615 3202 Haupt
666 3135 703 3184 sie
727 3141 858 3198 orregten3
889 3151 908 3184 s.
933 3150 953 3183 c.
983 3137 1021 3198 12,
1047 3139 1069 3187 5.
1093 3163 1126 3171 —-
1148 3145 1176 3186 ut

105 3207 150 3255 dos
175 3203 249 3252 Curio
273 3205 359 3256 wurde
384 3221 416 3253 zu
432 3205 504 3267 Juba,
522 3205 615 3255 seinem
660 3209 736 3266 pauci
755 3231 782 3238 —
795 3207 822 3254 in
837 3205 944 3254 Siciliam
963 3209 1009 3263 inp.
1019 3221 1088 3265 pero.
1112 3203 1173 3287 App.

104 3271 280 3340 porsdnlichen
297 3272 390 3324 Feinde
409 3274 437 3334 (c.
457 3275 497 3336 25,
519 3275 551 3336 4),
570 3289 614 3337 ge·
666 3275 690 3334 2,
713 3275 746 3324 46
771 3270 827 3335 thgr
850 3274 914 3321 noch
939 3271 1025 3322 hinzu:
1049 3273 1104 3324 τῶν
1125 3288 1173 3322 αν-

105 3342 205 3403 brachi,
224 3339 284 3406 App.
305 3344 329 3404 2,
350 3345 390 3394 45.
668 3341 813 3407 αχθέντων
832 3343 860 3392 οἱ
877 3341 997 3412 ἔμποροι
1015 3337 1081 3397 τούς
1104 3342 1174 3391 πολ·

140 3414 164 3462 5.
186 3413 432 3460 demonstraremus:
450 3425 470 3458 e.
492 3411 532 3472 39,
552 3412 574 3461 6.
666 3405 729 3466 λοὺς
734 3406 864 3480 χρήματα
879 3411 1017 3480 φέροντας
1030 3407 1107 3460 ἕνεκα
1120 3409 1174 3460 τῶν

140 3473 194 3536 43.
217 3481 237 3530 1.
255 3480 338 3542 Rufus
352 3488 475 3542 quaestor:
490 3493 510 3526 o.
531 3479 572 3540 23,
592 3481 614 3530 5.
664 3473 815 3550 χρημάτων
840 3477 867 3534 ἔς
888 3478 941 3542 ,τὴν
963 3471 1109 3527 θάλασσαν
1130 3476 1175 3547 ἔρ-

35 3571 40 3592 »
138 3550 472 3612 immurmuraret.
505 3546 529 3595 S.
543 3563 574 3597 zu
592 3549 613 3609 1,
665 3553 791 3618 ρίπτουν.
815 3573 848 3582 —
868 3549 998 3610 legatorum
1020 3561 1118 3594 emnerii
1140 3567 1175 3586 =

105 3622 129 3681 7,
150 3620 173 3669 5.
665 3621 720 3666 loco.
746 3617 771 3664 Β.
787 3613 815 3663 G.
837 3617 860 3677 5,
879 3617 921 3676 27,
940 3615 969 3676 23
988 3615 1011 3674 6,
1030 3615 1070 3675 13,
1090 3615 1173 3678 7;23,

119 3689 164 3745 ,3.
183 3689 227 3750 qui
243 3689 271 3734 in
287 3689 359 3734 clerae
374 3693 449 3747 mant,
465 3686 536 3748 prof.
550 3701 613 3745 pro·
666 3687 694 3736 8:
708 3689 735 3734 in
752 3687 897 3733 desertorum
911 3697 1009 3731 nummo
1027 3685 1154 3733 ducuntur.

100 3757 227 3816 parabant.
261 3753 321 3819 App.
346 3755 369 3804 2.
392 3755 439 3805 46:
475 3747 615 3824 Φλάμμας
701 3755 724 3804 2.
741 3754 844 3802 remitit:
868 3749 914 3800 Die
927 3748 1080 3814 galaugenen
1094 3735 1196 3801 Cisa-'

106 3819 120 3873 ὁ
140 3817 281 3890 νὰύαρχος
293 3817 391 3873 αὐτίκα
402 3821 522 3902 ἔφευγεν
541 3817 615 3888 αὐτῷ
666 3820 751 3870 rianer
761 3834 848 3869 worm
858 3821 951 3869 verbor
960 3817 1028 3868 nicht
1036 3819 1070 3869 im
1079 3819 1172 3870 Reiche

106 3893 202 3958 στόλῳ,
216 3895 284 3961 πρίν
298 3909 359 3943 τινα
377 3909 431 3942 των
443 3891 491 3944 ἐπὶ
505 3892 552 3956 τῆς
565 3889 616 3958 γῆς
666 3886 752 3939 Juba’s
783 3903 912 3952 genesen,
946 3887 1007 3938 abor
1025 3889 1089 3938 Juba
1117 3904 1173 3938 war

106 3955 262 4025 ἀναλαβεῖν.
667 3973 717 4007 von
729 3958 787 4007 dort
798 3958 941 4021 gekommcn
953 3957 1003 4007 und
1014 3958 1107 4007 konnte
1119 3957 1173 4007 also

160 4050 237 4092 Caesar
249 4051 278 4092 11.
292 4051 311 4092 5.
326 4051 380 4092 Aufl.
942 4045 972 4095 10
