2836 4586
226 301 287 368 133
617 299 660 350 nn
678 299 785 351 cunno
803 297 904 351 civim

311 453 362 518 34.
384 457 454 518 Erat
467 457 549 518 vallis
563 456 641 516 inter
656 456 729 530 duas
746 456 831 528 acies,
847 463 985 533 utsupra
1002 455 1239 516 demonstratum
1256 462 1317 526 est,

225 543 347 603 nonita
370 560 484 620 magna,
506 549 535 602 at
557 541 667 601 difficili
689 549 718 602 et
738 541 832 601 arduo
852 558 986 601 ascensu.
1029 539 1112 600 Hanc
1134 547 1268 617 uterque
1289 539 1316 600 si

227 627 464 688 adversariorum
499 627 600 706 copiae
636 625 762 686 transire
800 633 979 686 conarentur
1014 624 1208 703 exspectabat,
1245 641 1315 702 quo

197 712 365 792 naequiore
388 713 454 771 loco
476 711 623 790 proelium
645 710 849 771 committeret
892 710 986 770 Simul
1007 709 1043 770 ab
1066 709 1184 770 sinistro
1210 727 1315 768 cornu

226 797 258 858 P.
280 797 349 856 Attii
371 797 516 874 equitatus
538 795 636 855 omnis
658 803 687 855 et
706 813 765 855 una
785 795 858 855 levis
873 803 1037 856 armaturae
1055 794 1199 854 interiecti
1220 812 1314 854 com-

197 883 342 962 aplures‚
373 898 441 941 eum
464 900 495 940 se
520 881 676 940 invallem
699 879 899 952 demitterent,
928 880 1133 941 cernebantur.
1177 879 1226 940 td
1258 897 1314 939 eos

228 966 320 1028 Curio
343 966 505 1044 equitatum
528 973 557 1025 et
577 984 600 1024 11
622 965 859 1025 Marrucinorum
882 965 1012 1025 cohortis
1043 965 1144 1036 mittit;
1172 982 1314 1042 quorum

227 1051 358 1130 primum
381 1051 524 1129 impetum
548 1050 660 1129 equites
682 1049 813 1110 hostium
835 1067 897 1109 non
918 1050 1064 1120 tiderunt,
1094 1050 1146 1109 sed
1169 1049 1314 1108 admissis

227 1136 312 1214 equis
331 1134 368 1195 ad
390 1153 461 1194 suos
482 1137 673 1212 refugerunt3
696 1133 788 1194 relicti
807 1133 843 1194 ab
872 1134 919 1194 bis
945 1135 997 1211 qui
1014 1153 1074 1194 una
1092 1143 1315 1212 procurrerant

226 1221 299 1280 levis
336 1228 499 1279 armaturae
535 1219 840 1280 circumveniebantur
872 1228 960 1298 atque
987 1219 1241 1280 interficiebantur
1275 1219 1312 1278 ab

228 1304 346 1364 nostris,
386 1304 452 1363 Huc
473 1312 533 1364 tota
554 1304 622 1363 Vari
644 1322 786 1364 conversa
808 1303 884 1364 acies
906 1322 977 1364 suos
1007 1307 1110 1382 fogere
1134 1311 1163 1364 et
1190 1303 1313 1363 concidi
1385 1325 1391 1338 ··

198 1387 352 1462 4videbat
387 1389 473 1448 Tunc
492 1388 622 1461 Rebilus,
644 1389 756 1467 legatus
776 1388 915 1461 Caesaris,
934 1407 1024 1467 quem
1038 1389 1128 1448 Curio
1150 1406 1257 1448 secum
1274 1406 1312 1447 ex

228 1473 323 1534 Sicilia
338 1474 471 1546 duxerat,
486 1475 567 1551 quod
583 1491 724 1552 magnum
739 1472 848 1533 habere
864 1491 953 1534 usum
968 1473 999 1534 in
1015 1491 1048 1534 re
1064 1473 1179 1534 militari
1188 1472 1311 1544 sciebat,

229 1558 449 1632 ‘Perterritum',
469 1559 581 1638 inquit,
610 1558 736 1618 ‘hostem
757 1558 855 1630 vides,
885 1559 990 1619 Curio:
1016 1558 1088 1636 quid
1118 1557 1234 1618 dubitas
1267 1558 1312 1617 uti

200 1657 215 1706 5
229 1644 371 1721 temporis
379 1644 598 1722 opportunitate
604 1641 629 1702 ‘l'
651 1643 701 1703 llle
711 1661 808 1704 unum
815 1643 957 1714 elocutus,
973 1651 1006 1702 ut
1020 1643 1163 1703 memoria
1171 1651 1313 1703 tenerent

230 1728 335 1789 milites
357 1747 406 1800 ea,
425 1747 500 1806 quae
523 1728 617 1806 pridie
639 1727 695 1788 sibi
716 1728 955 1800 confirmassent,
985 1728 1069 1806 sequi
1088 1745 1153 1788 sese
1174 1727 1259 1788 iubet
1282 1737 1312 1788 et

229 1813 393 1892 praecurrit
408 1821 474 1873 ante
491 1831 605 1872 omnes.
627 1811 709 1872 Adeo
725 1820 786 1872 erat
805 1813 944 1891 impedita
956 1813 1055 1885 'vallis
1078 1822 1110 1874 ut
1129 1813 1161 1874 in
1180 1830 1310 1873 ascensu

199 1899 286 1958 onisi
307 1897 448 1957 sublevati
469 1916 486 1956 a
508 1898 569 1957 suis
591 1898 679 1976 prinu
700 1913 761 1957 non
792 1898 874 1958 facile
904 1897 1093 1958 eniterentur.
1136 1898 1194 1958 Sed
1218 1916 1310 1975 prae·

228 1990 389 2058 occupatus
411 1981 526 2041 animus
542 1982 729 2041 Attianorum
750 1982 875 2042 rnilitum
897 1979 1004 2043 timore
1026 1990 1055 2042 et
1077 1985 1145 2061 fuga
1167 1991 1196 2042 et
1218 1981 1310 2042 caede

228 2083 352 2126 suorum
382 2065 455 2126 nihil
483 2066 519 2125 de
547 2066 711 2126 resistendo
740 2066 896 2145 cogitabat,
927 2085 1090 2145 omnesque
1120 2086 1152 2128 se
1178 2067 1238 2128 iam
1272 2067 1309 2134 ab

229 2150 358 2228 equitatu
386 2151 592 2210 circumveniri
617 2150 841 2212 arbitrabantur.
885 2152 986 2230 ltaque
1018 2153 1193 2232 priusquam
1214 2152 1311 2212 telum

228 2234 302 2295 abici
323 2243 425 2313 posset
445 2243 495 2295 aut
516 2235 610 2296 nostri
637 2237 760 2315 propius
788 2236 976 2309 accederent,
1007 2237 1104 2298 omnis
1133 2237 1202 2298 Vari
1230 2237 1310 2297 acies

228 2329 309 2399 terga
331 2321 416 2381 vertit
437 2339 527 2399 seque
555 2321 586 2380 in
609 2329 702 2382 eastra
721 2323 838 2399 recepit.

225 2577 333 2635 paratas
360 2575 406 2622 hat
435 2572 569 2624 Mommsen
598 2575 662 2622 nach
697 2573 741 2623 dcr
827 2577 851 2626 4.
869 2575 980 2625 Raditur:
1001 2576 1022 2636 1,
1042 2575 1084 2636 26,
1103 2575 1132 2637 33
1150 2575 1175 2637 2,
1193 2575 1237 2636 24,
1257 2577 1281 2626 2

229 2643 316 2693 besten
340 2631 502 2691 llandsc‘hrift
526 2644 673 2703 Calpurnius
696 2642 740 2692 be-

229 2709 324 2772 scitigt.
827 2713 850 2762 6.
863 2719 1052 2772 praeoccupatus
1068 2716 1177 2761 animae:
1212 2707 1241 2759 ln
1260 2711 1309 2760 Bc-

264 2807 285 2866 3
288 2805 309 2866 4
352 2812 373 2861 1¹
401 2825 488 2871 Μαι
517 2825 531 2857 c
557 2811 590 2861 27
618 2814 635 2863 4
669 2837 702 2846 .-
720 2816 743 2862 ἥ.
792 2777 899 2858 ⁸ziebnng
918 2776 963 2828 auf
986 2777 1042 2828 eine
1059 2777 1186 2830 Mabrheit
1204 2779 1309 2829 werden

228 2847 388 2958 amarentur,
419 2848 577 2939 exspectabat:
593 2848 643 2942 '1,'
662 2882 692 2943 ὅ,
712 2883 740 2943 53
792 2845 899 2965 3¹1¹ssssss
918 2847 1311 2966 affaebfflffigfflfflss

231 2948 273 3009 83’
295 2948 306 2997 1
325 2962 350 2995 ¹¹⁶
368 2948 390 2994 δ’
792 2931 940 3034 ludividncgn
958 2983 1096 3048 zugcbdrig
1112 2984 1139 3033 in
1157 2985 1205 3034 den
1219 2981 1309 3034 Plural

265 3050 288 3100 3.
299 3051 411 3098 admismb
422 3051 500 3112 equis:
518 3047 564 3098 mit
576 3051 741 3114 verb'aingtcm
793 3057 904 3115 gosetzt3
922 3052 974 3116 vgl.
993 3069 1014 3102 z.
1032 3053 1058 3102 Β.
1078 3067 1099 3102 c.
1118 3055 1160 3113 27,
1178 3054 1209 3104 2:
1233 3056 1309 3103 tettae

229 3115 317 3180 Ziigel,
349 3115 430 3166 indem
460 3117 507 3166 den
533 3115 639 3169 Pserden
665 3118 742 3170 lrcicr
792 3123 1308 3172 mamasaatmosaaeaosemattarom.

229 3183 298 3236 Laui
313 3185 427 3249 gelasscn
444 3186 539 3236 wurde.
561 3187 587 3236 B.
607 3185 635 3237 G.
659 3191 681 3250 1,
698 3191 741 3251 22,
792 3188 887 3238 chocb
910 3189 993 3240 bleibt
1012 3188 1039 3238 in
1061 3190 1131 3240 mehr
1154 3189 1308 3240 abstractam

230 3257 253 3306 2.
277 3281 311 3291 --
334 3258 392 3305 levia
417 3265 554 3306 armaturae
582 3257 662 3320 biingt
691 3273 742 3307 von
792 3256 869 3306 Sinna
886 3257 931 3308 der
948 3256 1079 3321 singular,
1103 3257 1239 3308 besonders
1258 3273 1308 3308 von

229 3328 274 3388 qai
290 3341 340 3374 ara
352 3333 529 3386 procurrerant
552 3324 598 3387 ab,
622 3325 672 3374 wic
690 3323 740 3390 §2
791 3330 897 3387 animus,
926 3327 984 3376 sehr
1013 3327 1112 3390 hiring,
1142 3341 1164 3376 z.
1194 3327 1221 3376 lt.
1248 3329 1307 3376 bono

229 3408 280 3442 von
298 3396 436 3454 complures.
454 3395 526 3444 Lais
539 3404 664 3444 amatura
675 3394 740 3444 wird
792 3398 873 3446 anano
897 3411 958 3455 rare,
981 3399 1062 3444 animo
1087 3398 1121 3446 ad
1144 3397 1308 3444 dromedart

230 3461 300 3512 nicht
317 3462 371 3512 blos
389 3461 423 3510 im
441 3459 525 3512 Gonit.
549 3462 637 3526 qualit.
662 3461 742 3513 einum
788 3467 875 3525 wate·
899 3463 938 3526 (3,
957 3464 1004 3526 85,
1025 3462 1099 3526 4313.
1118 3461 1148 3513 G.
1167 3465 1192 3526 1,
1213 3465 1255 3525 19,
1274 3465 1306 3526 5),
1379 3493 1388 3518 2

229 3529 313 3581 Subst.
330 3529 496 3595 beigcgeben,
527 3531 577 3580 wie
595 3532 624 3594 3,
645 3532 692 3595 62,
712 3534 741 3584 3:
792 3532 1309 3595 caimodafiraratnebcnam‘mierom'dora

230 3603 287 3648 terta
313 3610 450 3651 armaturae
476 3602 604 3665 matrico,
635 3600 742 3660 sordem
794 3601 818 3663 8,
840 3603 880 3663 19,
899 3602 933 3664 6),
944 3609 1095 3663 perpauca·
1106 3602 1309 3652 lauressam

230 3665 377 3717 bezcicbnot
401 3667 525 3731 gersdezu
549 3667 589 3718 dia
613 3665 742 3735 Truppen-
792 3672 901 3719 ananam
925 3671 948 3731 3,
974 3670 1015 3732 84,
1028 3715 1029 3720 ,
1042 3670 1063 3721 1.
1099 3667 1187 3719 Beides
1206 3667 1258 3718 Cic.
1276 3668 1308 3717 de

230 3738 345 3798 gadung,
364 3733 413 3784 wic
433 3737 456 3796 3,
474 3739 516 3798 45,
537 3739 565 3788 3:
590 3741 646 3788 trra
662 3753 743 3794 arma-
793 3735 852 3788 Nat.
878 3735 952 3787 licor.
977 3739 1001 3800 2,
1026 3739 1051 3800 4,
1080 3739 1124 3790 12:
1151 3739 1309 3790 omnibuis·

229 3811 298 3852 tarar
321 3819 408 3866 rapsa
432 3807 585 3855 maddadtre
606 3809 693 3868 mma,
717 3809 742 3870 3,
793 3810 873 3856 actm
903 3810 975 3871 quasi
1003 3809 1148 3867 interstruam
1180 3822 1229 3856 me
1256 3805 1309 3854 und

230 3873 272 3933 62,
311 3871 340 3921 2:
375 3887 489 3936 marum
523 3890 650 3929 romaum
685 3879 742 3926 hort
795 3875 899 3928 duania
915 3877 1144 3946 arimathaeam
1163 3875 1309 3939 informatas

230 3947 368 3990 armaturae
385 3944 607 4003 mortuariorum.
795 3946 894 3994 deorum
909 3948 1025 3996 nortona.
1077 3999 1079 4006 ,
