2880 4612
213 338 274 404 236
606 337 648 388 on
666 337 771 388 sunno
791 335 891 388 crvnr

213 492 372 563 dicebatur,
390 509 518 570 querens
533 499 648 552 tantum
662 510 693 551 se
708 491 880 570 opinionem
895 491 1041 563 fefellisse,
1063 498 1103 562 ut,
1119 509 1136 550 a
1155 507 1216 568 quo
1233 507 1287 568 ge

213 597 284 638 nere
300 577 456 637 hominum
470 577 622 638 victoriam
638 584 792 654 sperasset,
807 576 843 636 ab
859 595 893 636 eo
905 575 987 636 initio
1003 578 1089 654 fugae
1105 576 1181 644 facto
1193 592 1288 652 paene

213 663 347 742 proditus
371 661 527 731 videretur.

299 743 349 808 97.
366 747 470 807 Caesar
484 747 585 807 castris
583 747 670 843 potit
670 765 705 806 us
719 765 735 806 a
748 746 886 807 militibus
902 745 1060 817 contendit,
1078 762 1115 804 ne
1130 744 1162 804 in
1178 743 1288 822 praeda

184 823 347 928 ²occupati
364 832 469 908 reliqui
492 839 581 910 negot
580 831 600 891 ii
622 831 742 908 gerendi
765 833 931 892 facultatem
946 831 1135 891 dimitterent.
1168 829 1233 901 Qua
1255 847 1290 888 re

213 917 366 994 impetrata
394 923 526 976 montem
555 933 644 994 opere
673 916 904 976 circummunire
930 915 1063 976 instituit.
1105 913 1290 992 Pompeiani,

215 1001 319 1079 quod
311 1020 337 1061 rs
352 1019 440 1060 mons
455 1008 516 1060 erat
532 1001 595 1060 sine
610 1019 694 1078 aqua,
711 1000 800 1060 diffisi
814 1019 840 1060 er
833 1001 916 1060 Ιοοο
927 1000 1027 1060 relicto
1046 1007 1146 1059 monte
1157 998 1291 1080 universi

185 1085 289 1164 3iugis
305 1086 368 1145 eius
382 1085 512 1146 Larisam
528 1104 631 1145 versus
649 1104 681 1145 se
696 1085 826 1163 recipere
849 1094 1019 1162 coeperunt.
1049 1085 1115 1156 Qua
1136 1102 1169 1143 re
1190 1083 1289 1143 anim·

215 1172 336 1231 adversa
351 1170 455 1230 Caesar
471 1171 568 1248 copias
583 1189 651 1230 suas
666 1169 764 1230 divisit
778 1179 952 1248 partemque
968 1170 1119 1248 legionum
1136 1169 1168 1228 in
1184 1167 1289 1228 castris

214 1254 338 1333 Pompei
359 1272 513 1314 remanere
531 1251 753 1332 inssit'parteni
773 1255 803 1314 in
827 1273 880 1314 sua
902 1263 995 1314 castra
1011 1254 1131 1326 remisit,
1148 1261 1290 1332 quattuor

215 1357 317 1400 secum
330 1339 460 1418 legiones
475 1339 559 1398 duxit
575 1339 836 1418 commodioreque
858 1339 961 1400 itinere
975 1339 1163 1416 Pompeianis
1179 1357 1288 1398 occur·

185 1421 201 1471 4
214 1443 280 1484 rere
296 1425 392 1501 coepit
405 1432 434 1484 et
448 1443 623 1502 progressus
640 1424 718 1484 milia
731 1431 871 1501 passuum
886 1443 916 1482 vr
931 1424 1023 1484 aciem
1039 1424 1185 1484 instruxit.
1224 1424 1289 1496 Qua

214 1528 247 1568 re
261 1509 461 1569 animadversa
472 1509 643 1586 Pompeiani
657 1509 688 1569 in
705 1509 834 1586 quodam
850 1517 949 1569 monte
967 1509 1170 1568 constiterunt.
1200 1507 1290 1568 Hunc

215 1602 347 1654 montem
364 1594 476 1654 flumen
493 1593 656 1654 subluebat.
693 1594 797 1654 Caesar
812 1594 916 1672 milites
934 1595 1112 1665 cohortatus,
1129 1593 1182 1653 etsi
1197 1593 1290 1653 totius

215 1679 273 1738 diei
288 1679 449 1738 continenti
464 1678 564 1738 labore
580 1686 663 1738 erant
685 1679 810 1739 conlecti
825 1696 945 1757 noxque
962 1678 1019 1738 iam
1041 1677 1167 1749 suberat,
1189 1685 1289 1738 tamen

216 1764 378 1823 munitione
395 1764 507 1823 llumen
527 1783 543 1824 a
566 1771 665 1823 monte
682 1764 807 1836 seclusit,
829 1782 867 1823 ne
890 1771 980 1823 noctu
1000 1763 1102 1841 aquari
1116 1762 1291 1842 Pompeiani

177 1853 202 1904 t
215 1855 345 1926 possent.
374 1849 441 1920 Quo
455 1850 586 1926 perfecto
602 1866 691 1926 opere
706 1848 745 1907 illi
761 1848 796 1908 de
812 1847 960 1908 deditione
976 1848 1072 1908 missis
1087 1848 1186 1926 legatis
1202 1865 1291 1926 agere

216 1940 386 2010 coeperunt
408 1931 497 1992 Pauci
512 1933 623 1993 ordinis
639 1933 785 2006 senatorii,
807 1934 859 2012 qui
876 1951 907 1992 se
924 1950 992 1992 cum
1014 1933 1049 1992 iis
1065 1933 1289 2006 coniunxerant,

216 2025 302 2077 nocte
325 2020 394 2094 fuga
416 2017 539 2077 salntem
562 2017 738 2095 petiverunt.

301 2098 352 2162 98.
368 2101 472 2160 Caesar
488 2101 583 2178 prima
596 2103 773 2162 luceomnes
789 2102 914 2181 eosqui
929 2103 961 2162 in
976 2110 1077 2162 monte
1086 2101 1290 2172 consederant

216 2203 252 2244 ex
275 2185 476 2264 superioribus
498 2185 594 2245 locis
585 2205 616 2246 m
634 2186 788 2264 planiciem
807 2187 985 2247 descendere
1000 2195 1087 2265 atque
1108 2205 1189 2246 arma
1213 2203 1288 2263 pro-

185 2271 223 2323 2
215 2289 292 2333 rcere
308 2270 400 2330 iussit.
423 2270 510 2344 Quod
526 2270 612 2330 ubi
590 2289 654 2330 sine
667 2271 851 2332 recusatione
867 2274 1002 2332 lecerunt
1015 2271 1168 2350 passisque
1183 2271 1289 2348 palmis

216 2355 338 2434 proiecti
362 2355 397 2415 ad
417 2364 526 2415 terram
542 2356 645 2416 llentes
666 2355 701 2416 ab
724 2375 759 2416 eo
777 2358 900 2417 salutem
921 2356 1096 2434 petiverunt,
1120 2356 1290 2416 consolatus

216 2458 396 2519 consurgere
411 2439 496 2501 iussit
512 2451 540 2500 et
552 2459 645 2518 pauca
660 2441 737 2519 apud
754 2459 804 2502 eos
826 2441 862 2500 de
877 2441 994 2502 lenitate
1016 2460 1069 2501 sua
1084 2437 1210 2513 locutus,
1228 2458 1291 2519 quo

216 2526 332 2586 minore
346 2533 445 2585 essent
458 2525 573 2596 timore,
588 2544 691 2586 omnes
707 2526 890 2586 conservavit
911 2525 1110 2604 militibusque
1125 2526 1186 2586 suis
1204 2543 1291 2586 com·

251 2740 303 2800 97.
324 2747 345 2796 1.
358 2747 490 2794 contendit:
509 2743 641 2808 verlangte
656 2744 726 2793 driu·
778 2743 989 2794 wahrscboinlicb
1006 2744 1097 2794 tboilto
1116 2743 1197 2794 Cdsar
1219 2745 1291 2795 scine

215 2813 286 2875 gend.
314 2810 364 2861 Cic.
383 2812 415 2860 ad
431 2810 499 2860 Fam.
521 2814 560 2874 13,
580 2816 604 2876 9,
624 2815 653 2864 3:
677 2830 727 2862 non
777 2810 941 2863 Strcitkriiltc
960 2812 986 2862 in
1003 2813 1175 2877 zweigleicbo
1190 2811 1289 2876 Tbcilc,

215 2891 267 2931 erat
292 2897 376 2942 cauea,
404 2897 448 2930 eur
469 2899 485 2930 a
508 2890 531 2930 te
553 2885 597 2930 noe
625 2892 727 2942 tempore
777 2881 817 2930 dio
834 2881 888 2930 sich
905 2881 1008 2931 ablbscn
1026 2881 1126 2932 solltcn.

214 2952 311 3012 aliquid
339 2953 506 3000 contenderem.
560 2965 604 3015 pro
641 2949 726 3014 Quint.
811 2953 835 3003 4.
848 2954 951 3014 flumen,
964 2949 1042 3013 nicht,
1054 2950 1104 3000 wic
1113 2965 1170 3000 man
1179 2949 1291 3014 gomoiut

216 3019 257 3078 24,
288 3021 334 3068 77:
365 3034 439 3080 queem
468 3035 483 3066 a
505 3035 542 3066 me
559 3028 682 3080 peteret
704 3028 726 3068 et
776 3019 828 3082 bat,
845 3017 1222 3084 derEnipeus‚andensieouf
1234 3019 1290 3068 dem

214 3100 304 3136 menne
343 3089 550 3136 contenderet.
777 3086 878 3136 Marscb
892 3089 956 3136 nach
966 3087 1069 3138 Larissa
1083 3087 1153 3136 uicbt
1165 3087 1290 3152 gelangen

251 3156 274 3204 2.
288 3157 368 3217 e'npia:
398 3152 422 3202 S.
444 3155 466 3215 1,
485 3157 526 3216 70,
545 3157 574 3216 43
587 3157 629 3216 40,
643 3157 662 3206 1.
676 3153 729 3204 Aul
777 3155 901 3218 konntcn,
929 3156 1036 3206 sondorn
1064 3155 1288 3217 wahrscheinlich‚

216 3223 263 3272 den
282 3220 420 3283 Abb'dngcn
438 3220 518 3270 dieses
538 3223 628 3286 Berges
647 3238 725 3287 zogon
776 3224 825 3273 wic
841 3222 918 3273 Gblcr
936 3239 958 3288 p.
972 3227 1005 3277 94
1023 3225 1109 3287 meiat,
1127 3225 1172 3274 dor
1190 3224 1244 3274 sich
1261 3223 1289 3272 in

214 3291 251 3341 sie
269 3290 301 3340 ab
313 3290 377 3339 nach
387 3289 488 3338 Larissa
500 3305 538 3340 zu.
564 3289 611 3339 θν.
627 3290 685 3340 blct.
700 3295 725 3354 4,
776 3293 824 3342 den
833 3292 879 3342 Sco
891 3293 994 3342 Boebeis
1006 3291 1116 3356 (llarlas)
1129 3292 1289 3357 orgiessende

214 3363 278 3412 656:
294 3359 724 3425 Quantueernt,monasnetnaAtlaa;
775 3359 848 3410 Fluss
868 3360 1007 3411 Onchestos
1025 3362 1143 3424 (Sarliki).

215 3433 263 3478 iam
300 3431 373 3479 herba
419 3437 549 3491 comaeque
585 3430 618 3477 In
653 3432 725 3478 ninas
811 3425 863 3485 98.
881 3431 904 3481 2.
917 3435 1045 3494 poenaque
1065 3435 1162 3492 paonis.
1200 3428 1288 3492 Vergl.

213 3501 314 3557 adenem
340 3502 397 3561 e'nqa
422 3505 479 3546 ennt
507 3500 646 3560 bnenert'qne
675 3514 724 3547 ma·
775 3497 801 3547 Β.
815 3496 844 3547 G.
866 3500 887 3559 1,
908 3501 949 3560 51,
968 3501 996 3551 3:
1010 3504 1092 3561 poesie
1104 3502 1289 3562 manibusflen·

213 3583 318 3630 nneqne3
331 3567 400 3624 Quod
409 3575 479 3626 capnt
494 3567 617 3630 antefata,
635 3583 725 3616 enrrrmo
775 3577 809 3616 tea
826 3570 992 3626 implorabant.

213 3645 248 3685 eet
264 3639 291 3684 in
301 3645 380 3684 monte
396 3651 512 3686 caeremon.
542 3633 575 3682 So
590 3633 724 3698 gelangten
810 3651 889 3685 omnes
938 3639 1091 3686 conservavit.
1153 3634 1212 3686 Wic
1259 3649 1291 3684 er

214 3703 260 3764 sie,
279 3703 342 3752 ohne
360 3703 400 3751 die
418 3702 504 3752 nonen
529 3719 560 3752 zn
585 3702 723 3766 verlasson,
775 3705 852 3753 sebon
863 3702 905 3752 bei
916 3704 970 3754 dem
983 3704 1057 3768 Siegc
1077 3701 1170 3753 darauf
1179 3703 1290 3753 bedacht

214 3768 260 3820 aul
275 3771 348 3821 einen
365 3770 459 3820 andern
477 3771 556 3834 Berg3
574 3787 593 3821 s.
612 3769 629 3836 §
647 3775 671 3824 4.
774 3787 837 3835 war,
850 3771 921 3822 nicht
936 3773 1031 3823 unntitz
1048 3772 1107 3822 Blut
1123 3787 1155 3822 zn
1172 3771 1291 3834 vergies—

249 3841 273 3891 3.
281 3849 422 3902 partemque
431 3843 555 3904 leptonnm.
574 3839 647 3890 duob
656 3840 724 3890 diosc
774 3855 819 3890 son
843 3841 925 3906 (mike,
947 3858 1020 3903 poree
1036 3843 1127 3892 civibus
1139 3839 1207 3890 Flor.
1226 3843 1251 3902 4,
1269 3841 1288 3891 2

213 3907 293 3958 Stella
317 3907 393 3970 zoigt,
413 3907 470 3956 dass
491 3907 570 3958 Cdsar
594 3909 609 3961 8
630 3907 723 3972 Legio-
774 3909 807 3971 (2,
826 3911 874 3972 13),
889 3926 916 3960 so
928 3909 1033 3961 verfuhr
1045 3925 1073 3960 or
1085 3910 1150 3958 anob
1161 3907 1227 3957 nach
1242 3908 1290 3957 der

214 3975 721 4042 neuindchcblacbtgebabthat3deon
775 3976 894 4030 Scblacbt
918 3979 964 4030 mit
987 3979 1031 4030 der
1057 3979 1108 4028 ihm
1125 3975 1289 4028 natiirlicbeu

1342 3539 1368 3562 ,J-
