2836 4586
234 360 295 428 123
630 361 673 412 nu
692 360 798 411 sunno
816 359 917 410 civim

215 535 301 578 ¹rum
319 517 462 578 Numidae
478 519 556 577 serre
572 525 741 594 potuerunt,
759 515 981 576 sedinterleotis
998 515 1114 576 circiter
1129 533 1185 575 cxx
1204 515 1319 594 reb'qui
1394 529 1395 550 ;

203 618 266 667 ose
281 603 313 662 iu
327 609 422 662 eastra
437 601 472 662 ad
490 601 633 679 oppidum
652 609 836 680 receperunt
868 601 990 662 luterim
1011 599 1140 660 adventu
1150 601 1318 679 longarum

233 687 354 748 sarium
372 687 460 748 Curio
476 687 669 764 pronuntiare
682 686 825 746 onerariis
844 685 969 766 navibus
984 685 1074 758 iubet,
1097 703 1172 762 quae
1194 685 1318 746 stabant
1394 669 1395 748 1

233 773 269 834 sd
291 772 404 834 Uticam
426 789 551 831 numero
575 771 690 832 circiter
712 789 754 843 oo,
777 771 856 831 sein
877 772 1008 832 bostium
1035 770 1206 832 habiturum
1232 771 1315 843 bs»,

204 857 285 936 *iqui
302 875 363 916 non
382 856 534 936 evestigio
551 857 588 916 ad
603 865 697 916 castra
713 856 884 916 Corneliana
899 857 961 916 vela
976 855 1137 929 direxisset.
1155 857 1222 928 Qua
1234 873 1313 934 pro-

234 941 416 1004 nuntiatione
435 943 518 1013 farra,
536 942 678 1019 temporis
697 950 807 1018 punoto
830 940 950 1001 sublatis
978 941 1095 1001 ancoris
1117 957 1223 1001 omnes
1242 941 1313 1002 Uti·

234 1045 298 1088 oam
316 1026 490 1109 relinquunt
503 1035 532 1086 et
549 1045 609 1104 quo
631 1026 808 1104 imperat-um
826 1035 871 1086 est
888 1035 1049 1086 transeunt.
1080 1025 1225 1099 Quaeres
1239 1043 1312 1086 om·
1394 1067 1395 1112 3

233 1113 316 1174 nium
337 1129 439 1171 rerum
462 1111 546 1189 oopia
561 1111 720 1192 complevit
741 1111 910 1171 exereitum.

318 1194 369 1258 26.
392 1196 445 1256 llis
462 1195 552 1256 rebus
566 1197 652 1274 gestis
668 1196 756 1256 Curio
777 1213 811 1256 se
831 1196 863 1256 iu
882 1195 1027 1260 castraad
1051 1195 1215 1274 Bagradam
1229 1197 1311 1256 reoi-

233 1283 276 1361 pit
296 1289 383 1359 atque
402 1281 532 1340 universi
560 1282 704 1340 exereitus
730 1281 960 1342 conclamatione
988 1279 1149 1358 imperator
1176 1281 1312 1358 appella·
1393 1359 1395 1370 A

233 1375 283 1427 tur
298 1374 477 1444 posteroque
499 1365 545 1425 die
564 1366 724 1426 exercitum
749 1366 862 1427 Uticam
890 1367 970 1426 duoit
994 1375 1023 1426 et
1048 1382 1141 1444 prope
1163 1365 1311 1443 oppidum

124 1525 126 1532 y
205 1457 327 1516 nonna
355 1450 446 1528 ponit
489 1450 629 1511 Nondum
660 1468 750 1528 opere
777 1458 941 1512 castrorum
968 1453 1100 1529 perlecto
1128 1451 1245 1528 equites
1260 1469 1311 1510 *eu

237 1536 362 1597 statione
385 1535 522 1596 nuntiant
540 1553 643 1615 magna
663 1535 767 1596 auxilia
794 1536 927 1614 equitum
957 1536 1149 1614 peditumque
1177 1535 1215 1596 ab
1238 1553 1311 1614 rege

235 1621 458 1682 missa-Uticam
477 1621 594 1693 venire3
621 1621 786 1698 eodemque
815 1628 950 1699 tempore
979 1620 1023 1680 vis
1052 1639 1157 1699 magna
1176 1620 1312 1700 pulveris

235 1707 418 1778 sumebatur,
433 1715 463 1766 et
476 1706 597 1786 vestigio
608 1707 751 1784 temporis
763 1706 893 1783 primum
903 1723 1010 1785 agmen
1020 1706 1122 1766 eratin
1133 1715 1310 1783 conspeetu.

205 1793 366 1865 3Nooitate
396 1791 439 1851 rei
467 1791 554 1852 Curio
580 1799 734 1869 permotus
759 1791 917 1868 praemittit
948 1791 1076 1869 equites,
1098 1791 1151 1869 qni
1173 1791 1311 1869 mimum

233 1878 377 1955 impetam
396 1875 558 1936 sustineant
571 1895 605 1936 ao
622 1883 792 1947 morentur3
815 1875 878 1953 ipse
894 1875 1025 1936 celeriter
1043 1873 1080 1935 ab
1100 1894 1190 1955 opere
1210 1875 1311 1936 ‹ledu-

202 1977 221 2030 4
234 1963 288 2022 otis
303 1958 468 2040 legionibus
482 1960 574 2020 aciem
595 1961 722 2022 instruit.
753 1961 932 2040 Equitesque
951 1959 1140 2021 committunt
1160 1961 1312 2039 proelium

234 2058 271 2118 et7
288 2046 460 2123 priusquam
477 2045 562 2121 plane
578 2046 709 2124 legiones
725 2046 862 2124 explicari
873 2055 907 2116 ¹et
921 2046 1085 2107 oonsistere
1099 2054 1228 2124 possent
1250 2054 1313 2106 tota

141 2191 146 2199 ,
233 2130 339 2192 auxilia
361 2129 438 2208 regis
457 2129 598 2206 impedita
616 2149 649 2190 ao
672 2130 849 2208 perturbata,
872 2131 952 2210 quod
975 2131 1057 2191 nullo
1071 2131 1177 2194 omine
1195 2139 1227 2190 et
1244 2131 1314 2191 sine

144 2274 146 2277 .
233 2215 340 2276 timore
354 2214 409 2274 iter
425 2219 563 2286 fenerant,
586 2215 618 2275 in
634 2217 736 2294 fugam
756 2216 906 2276 coniciunt
929 2216 1222 2295 equitatuque'omni
1246 2218 1313 2276 fore

233 2299 384 2372 ineolumi,
404 2299 485 2378 quod
505 2317 536 2360 se
558 2317 612 2378 per
633 2300 717 2361 litora
740 2292 874 2361 celeriter
886 2301 917 2360 in
940 2301 1083 2380 oppidum
1102 2301 1223 2380 recepit
1243 2319 1312 2362 ma-

234 2404 326 2466 gnum
347 2384 480 2464 peditum
501 2403 661 2445 numerum
683 2386 872 2446 interficiunt
1199 2381 1202 2386 ’

319 2468 371 2534 21.
400 2470 537 2530 Proxima
559 2479 644 2531 nocte
663 2471 851 2532 centuriones
869 2470 961 2532 'Marsi
984 2471 1043 2531 duo
1067 2489 1103 2530 ex
1124 2469 1227 2530 castris
1247 2469 1310 2530 Cu-

234 2556 327 2618 rionis
345 2575 415 2616 oum
431 2555 662 2632 manipularibus
678 2556 744 2616 suis·
755 2574 817 2615 uun
828 2557 863 2616 ad
877 2556 989 2616 Attium
1004 2557 1114 2616 Varum
1125 2555 1311 2633 perfugiunt„

205 2659 220 2708 2
235 2643 281 2715 Hi,
296 2642 356 2702 sive
371 2659 441 2700 vere
459 2658 548 2718 quam
564 2640 727 2701 habuerant
743 2642 913 2720 opinionem
928 2641 964 2700 ad
983 2657 1052 2701 eum
1065 2643 1229 2718 perferunt,
1248 2641 1311 2700 sive

235 2727 320 2787 etiam
337 2726 458 2786 auribus
473 2724 540 2784 Vari
554 2726 688 2786 serviunt
702 2721 784 2808 (nam
800 2745 875 2804 quae
892 2726 1040 2798 volumus,
1060 2734 1089 2787 et
1106 2725 1257 2786 oredimus
1271 2725 1309 2784 li-

269 2913 292 2963 o.
315 2913 477 2971 nemerim
504 2911 577 2960 iubet:
607 2912 629 2973 1,
654 2913 696 2973 64,
720 2915 744 2963 4,
796 2911 872 2962 erein
885 2908 1174 2961 stehenrlorllhrentitel
1188 2907 1310 2960 (1011111-

234 2979 260 3028 Β.
280 2976 309 3028 G.
328 2981 352 3040 2,
372 2981 396 3038 5,
415 2980 439 3030 6.
457 3005 490 3013 -
508 2996 520 3028 e
537 2982 635 3042 coopto
654 2980 704 3028 und
722 2995 742 3030 o.
795 2995 836 3030 ser
853 2981 903 3030 und
921 2979 960 3028 als
977 2979 1077 3029 solabor
1101 2979 1188 3028 wama
1206 2993 1235 3028 or
1254 2979 1310 3028 lem

235 3049 311 3109 26‚2
335 3050 432 3110 vestinis
453 3052 578 3108 rempotus:
600 3063 619 3096 s.
637 3063 657 3096 u.
677 3052 701 3110 1,
721 3050 743 3100 3.
795 3047 890 3099 Nomou
908 3055 1060 3112 vorgesotzt.

234 3133 344 3178 —quae
355 3117 457 3178 trabum,
477 3115 663 3188 gowlibnliolrer
681 3116 744 3166 Aus-
830 3119 854 3168 2.
886 3121 981 3166 auxilie
1008 3121 1115 3180 wrm
1139 3119 1309 3179 mirumque:

235 3184 327 3234 druok:
352 3199 399 3233 vor
415 3183 502 3234 Anker
520 3184 613 3248 liegen:
645 3185 672 3234 Β,
690 3183 725 3234 Af
737 3222 743 3234 .
798 3187 820 3245 1,
839 3187 880 3247 42,
900 3188 916 3238 3
933 3185 984 3234 nod
1000 3187 1043 3248 60,
1063 3188 1086 3236 5.

236 3256 281 3307 53:
302 3257 329 3304 irs
350 3257 452 3303 atatim
473 3257 540 3314 apud
558 3255 677 3314 Thapsum
693 3264 744 3304 sta-
829 3257 853 3306 4.
868 3269 915 3313 por
930 3257 1014 3304 utura:
1033 3268 1065 3302 an
1083 3253 1128 3302 dor
1151 3251 1232 3302 busto
1251 3252 1308 3314 liin

235 3327 304 3386 bom
328 3323 353 3384 3,
371 3323 414 3385 28,
433 3325 460 3374 1:
479 3326 507 3370 io
523 3326 619 3371 aooorr's
636 3326 744 3372 mortite-
795 3323 840 3372 (lor
858 3321 946 3372 Plural
963 3337 1012 3372 von
1030 3322 1076 3372 olor
1095 3319 1176 3371 liiiste
1192 3321 1309 3370 inibi-or

233 3402 305 3455 ναοί,
334 3393 390 3454 loa,
420 3393 450 3442 4:
474 3394 508 3440 od
528 3407 641 3440 aneorum
668 3395 744 3440 oonsi-
795 3391 971 3454 Ausdobuung,
990 3389 1040 3440 wie
1058 3387 1097 3439 olt
1112 3391 1178 3439 auch
1191 3393 1267 3451 νέιμι

233 3473 300 3512 mre.
337 3459 393 3510 Liv.
418 3460 459 3522 tlt,
487 3461 525 3521 13,
551 3461 579 3510 8:
604 3462 631 3508 in
648 3463 744 3510 auaris
830 3455 883 3516 27.
912 3462 933 3510 1.
957 3461 1052 3510 Marsi:
1077 3461 1098 3521 1,
1128 3461 1168 3519 15,
1193 3462 1215 3510 1.
1259 3455 1309 3506 Die

232 3535 302 3581 metir.
796 3526 894 3579 Marser
908 3529 998 3577 hatten
1015 3527 1069 3577 sloh
1087 3528 1164 3576 sebon
1182 3525 1208 3575 in
1225 3525 1308 3576 Corfi-

269 3593 324 3653 26.
343 3600 364 3649 1.
383 3601 512 3658 imperaror
526 3599 671 3659 appellatur.
691 3594 743 3644 Zur
796 3595 862 3645 nium
885 3612 932 3646 nur
958 3595 1004 3644 mit
1022 3595 1216 3646 wion-suebos
1232 3609 1309 3657 ergo-

234 3665 293 3714 Zoit
303 3665 476 3730 ilerllepublik
487 3665 574 3714 wurde
588 3665 652 3713 naolr
664 3663 744 3713 einern
795 3663 858 3714 bon:
879 3667 900 3727 1,
920 3667 960 3724 20,
980 3667 1003 3716 3.
1022 3691 1056 3700 -ν
1073 3681 1127 3714 rum
1143 3667 1309 3725 montmari-

234 3747 403 3796 gewonneuen
415 3733 488 3796 stege
501 3734 546 3783 der
559 3732 682 3783 reulum
694 3747 744 3782 von
796 3735 839 3782 but
856 3737 907 3782 suu
924 3735 1023 3783 XXII:
1043 3736 1065 3795 1,
1087 3735 1126 3794 19,
1146 3734 1169 3784 2

234 3800 320 3850 seiuon
336 3799 456 3849 Soldaton
478 3801 518 3850 als
545 3801 682 3867 imperator
699 3801 744 3850 be·
831 3803 855 3852 2.
874 3817 945 3864 quem
964 3803 1098 3851 lahomor
1124 3800 1204 3862 (nieht
1220 3802 1310 3850 m

234 3869 335 3934 griirust3¹
348 3868 430 3917 dieser
441 3866 509 3917 'litol
520 3871 605 3918 uni-de
622 3871 697 3931 donn,
716 3885 744 3919 so
795 3871 867 3932 nirtl:
884 3869 926 3919 dio
944 3869 982 3920 sie
998 3871 1076 3919 collon
1094 3869 1190 3920 vorber
1214 3867 1311 3931 sebbi

233 3937 308 3999 lango
327 3936 371 3986 (las
388 3935 537 3985 Commendo
557 3938 671 3999 dauorte,
689 3938 744 3987 dem
796 3939 884 3987 hatten
901 3939 951 3988 und
975 3954 1025 3988 nun
1042 3932 1180 3988 boriobteir„
1198 3963 1231 3972 -
1249 3953 1312 4000 qum

234 4005 507 4065 Numennaohgesotzt.
531 4003 648 4054 Nncbhor
658 4007 745 4055 wuiulo
795 4010 913 4070 solamon,
937 4007 1054 4057 eredimus
1076 4008 1183 4058 blm.
1221 4003 1311 4067 Vorgl.
