2812 4586
215 292 299 394 Ι664
627 327 669 378 66
687 326 793 378 nunno
811 325 912 380 cxvnx

236 483 416 556 cohortibus,
431 501 506 561 quae
521 489 623 542 contra
638 480 838 560 equitatumin
853 490 954 561 quarta
966 481 1027 541 6616
1036 482 1195 542 collocatae
1204 492 1318 556 essent,

235 570 352 630 initium
366 567 504 628 victoriae
521 566 657 639 oriretur,
680 576 712 626 ut
732 567 796 643 ipse
817 567 849 626 in
868 566 1217 628 cohortandismilitibus
1238 585 1317 646 pro·

206 665 222 714 4
237 654 428 718 nuntiaverat.
452 652 496 712 Ab
512 651 557 712 his
572 651 651 711 enim
666 651 798 730 primurn
816 651 961 729 equitatus
978 660 1022 711 est
1035 651 1148 729 pulsus,
1162 651 1199 712 ab
1215 653 1317 714 isdem

237 743 327 799 factae
342 737 444 798 caedes
461 736 676 814 sagittariorum
692 755 726 796 ac
743 737 938 808 funditorum,
952 735 988 795 ab
1007 736 1101 796 isdem
1116 736 1193 796 acies
1217 738 1317 798 Pom-

234 825 371 902 peianae
394 822 511 884 sinistra
532 829 614 898 parte
637 821 787 882 circumita
815 831 902 898 atque
926 821 1043 881 initium
1073 823 1159 900 fugae
1185 824 1316 883 factum.

206 911 221 960 5
235 910 292 969 Sed
308 907 477 986 Pompeius,
492 914 525 966 ut
540 907 701 984 equitatum
716 923 805 967 suum
821 907 942 984 pulsum
958 905 1029 966 vidit
1046 914 1133 984 atque
1150 925 1217 966 eam
1241 925 1316 985 par-

234 1003 303 1066 tem,
326 993 374 1054 cui
396 993 522 1052 maxime
542 989 714 1063 confidebat,
738 991 922 1068 perterritam
944 991 1077 1052 animum
1091 989 1226 1064 advertit,
1252 994 1318 1054 aliis

205 1080 355 1157 ssquoque
383 1078 497 1138 diffisus
525 1077 585 1136 acie
612 1076 736 1136 excessit
760 1075 956 1154 protinusque
985 1094 1017 1136 se
1046 1075 1077 1135 16
1106 1085 1202 1136 castra
1231 1096 1315 1156 equo

235 1163 358 1223 contulit
380 1171 408 1222 et
428 1163 464 1222 iis
487 1161 718 1234 centurionibus,
750 1178 826 1238 quos
854 1160 885 1220 in
913 1159 1037 1221 statione
1066 1160 1101 1220 ad
1129 1163 1314 1238 praetoriam

235 1257 350 1325 portam
372 1253 519 1325 posuerat,
542 1247 626 1318 clare,
647 1255 680 1306 ut
701 1245 805 1306 milites
821 1245 1002 1316 exaudirent
1020 1244 1186 1318 ί1666161,
1204 1247 1314 1326 inquit,

235 1337 338 1392 ‘castra
368 1341 396 1391 et
424 1331 572 1392 defendite
597 1331 758 1409 diligenter,
785 1331 810 1390 si
839 1331 909 1409 quid
937 1329 1040 1391 durius
1061 1329 1208 1390 acciderit.
1249 1333 1312 1412 Ego
1369 1379 1383 1406 .,

235 1417 362 1495 reliquas
397 1424 496 1494 portas
532 1416 679 1476 circumeo
711 1425 738 1477 et
767 1424 931 1476 castrorum
964 1415 1109 1492 praesidia
1142 1417 1312 1477 confirmo'.

207 1503 314 1562 7Η666
341 1520 410 1561 cum
443 1500 578 1573 dixisset,
609 1519 639 1562 se
671 1500 702 1560 iu
731 1501 910 1578 praetorium
939 1500 1076 1572 contulit,
1106 1519 1244 1562 summae
1272 1504 1314 1564 rei

237 1588 374 1647 diffidens
394 1594 422 1646 et
443 1594 541 1646 tamen
564 1593 703 1645 eventum
725 1595 907 1663 exspectans.

321 1667 371 1733 95.
393 1671 498 1732 Caesar
512 1669 699 1748 Pompeianis
715 1689 750 1730 ex
765 1672 834 1748 fuga
848 1670 925 1730 intra
942 1669 1050 1730 vallum
1065 1671 1228 1750 compulsis
1242 1674 1311 1733 nul-

234 1757 296 1816 lum
314 1756 439 1833 spatium
455 1755 615 1833 perterritis
638 1754 707 1814 dare
722 1764 858 1833 oportere
880 1753 1049 1814 existimans
1071 1755 1176 1816 milites
1198 1757 1310 1817 cohor-

234 1850 310 1902 tatus
327 1850 379 1914 est,
395 1849 428 1900 ut
441 1841 583 1900 beneficio
602 1842 737 1900 fortunae
753 1848 906 1900 uterentur
922 1849 1074 1918 castraque
1092 1852 1310 1920 oppugnarent

235 1927 300 2000 Qui,
322 1927 376 1986 etsi
398 1943 503 2003 magno
527 1935 607 1986 aestu
627 1921 710 2004 (narn
735 1926 771 1985 ad
801 1924 954 1988 meridiem
983 1943 1031 1984 res
1063 1935 1131 2005 erat
1147 1926 1310 2005 perducta),

235 2019 332 2070 tumen
361 2011 396 2070 ad
429 2028 547 2069 omnem
577 2009 708 2070 laborem
734 2011 832 2070 animo
859 2009 951 2087 parati
975 2009 1101 2088 imperio
1135 2022 1308 2088 paruerunt

204 2091 333 2155 2Castra
353 2113 369 2153 a
389 2093 569 2166 cohortibus,
585 2112 661 2173 quae
682 2094 723 2154 ibi
746 2093 890 2174 praesidio
910 2103 993 2155 erant
1013 2095 1138 2168 relictae,
1162 2096 1308 2158 industrie

232 2330 297 2379 6666
315 2329 423 2378 anderen
441 2328 576 2392 negativos
594 2328 649 2378 dem
667 2328 743 2379 Sinnc
795 2355 828 2364 -
858 2332 981 2391 circumeo,
1010 2334 1156 2393 confirmo.
1182 2329 1254 2382 Ganz
1281 2349 1308 2382 so

233 2399 297 2448 6666
319 2397 451 2448 dhnlichen
476 2397 653 2460 husdriiclxen3
677 2414 698 2446 z
716 2398 742 2448 Β.
794 2396 921 2446 66666666
948 2367 1012 2447 atich
1043 2399 1092 2448 wir
1122 2387 1167 2450 666
1200 2398 1307 2452 Priisens

231 2484 307 2530 neque
323 2469 385 2516 abest
402 2467 549 2529 auspicioB.
569 2464 597 2516 G.
626 2469 648 2529 1,
667 2469 691 2528 4,
712 2468 742 2529 4,
795 2479 844 2514 von
860 2481 930 2516 emer
941 2464 1022 2515 sosort
1033 2466 1211 2518 exntretenden
1223 2467 1307 2520 Hand-

232 2553 274 2586 neo
297 2541 367 2586 clr'ter
390 2539 478 2586 sentire
502 2535 527 2585 B.
555 2533 584 2584 G.
610 2537 632 2597 7,
652 2537 693 2596 44,
713 2537 742 2596 4;
794 2533 854 2597 lung
870 2532 910 2584 fiir
928 2535 973 2584 das
990 2533 1121 2586 Futurum.
1344 2570 1347 2576 ·

232 2609 286 2668 quta
303 2609 398 2669 fpnorot
424 2603 474 2654 Cic.
492 2620 514 2669 p.
529 2602 621 2653 Flacco
640 2606 681 2665 27,
695 2605 741 2664 643
829 2606 852 2654 7.
871 2607 897 2651 in
906 2608 1072 2664 praetorium:
1098 2603 1122 2654 S.
1142 2621 1173 2654 zu
1190 2608 1212 2669 1,
1229 2610 1305 2668 76,1.

231 2691 280 2723 non
301 2675 371 2738 sopit
394 2672 444 2722 Cic.
464 2674 497 2722 ad
519 2671 588 2722 Fam.
615 2673 639 2734 8,
661 2673 699 2733 14,
719 2673 742 2722 3.
794 2697 827 2706 —-
845 2689 951 2722 summae
968 2675 1017 2722 rei:
1047 2671 1080 2722 Es
1103 2673 1171 2723 1666
1190 2674 1306 2726 6661161-

267 2745 289 2793 4.
317 2745 414 2792 indiam
434 2742 513 2806 suque
525 2741 629 2804 fartum.
665 2738 741 2789 Sonst
794 2737 850 2788 halt
867 2739 928 2802 6616,
948 2740 978 2789 66
1003 2741 1048 2790 der
1070 2739 1218 2793 Nominativ
1242 2762 1307 2794 eum·

232 2810 297 2858 wird
315 2811 360 2860 der
376 2810 507 2860 Ausdruck
525 2824 575 2858 von
600 2810 678 2858 66666
696 2822 742 2871 go·
793 2825 833 2856 ma
849 2825 887 2858 ree
907 2809 967 2858 oder
985 2815 1133 2860 6666666661
1151 2811 1193 2874 ist,
1211 2813 1263 2864 wic
1284 2817 1305 2876 1,

232 2878 347 2940 braucht,
375 2877 415 2928 die
436 2878 514 2928 selbst
537 2883 623 2927 zuerst
642 2876 741 2940 1116666,
794 2879 835 2938 67,
855 2879 883 2929 5:
901 2894 994 2928 summa
1018 2881 1141 2942 66666666,
1169 2883 1192 2942 1,
1212 2883 1255 2943 82,
1275 2885 1305 2935 3:

232 2946 320 2994 wico.
339 2949 381 3008 69,
400 2950 430 3010 23
448 2949 490 3010 96,
509 2950 532 2998 4.
562 2947 588 2996 Β.
608 2944 637 2995 G.
658 2947 680 3007 1,
702 2947 740 3008 18,
792 2949 1013 2997 rummaor'otoriae.
1051 2947 1115 2998 Dass
1136 2947 1217 2998 C'eisar
1235 2957 1306 3000 sonst

220 3010 403 3066 ’16166666
430 3019 480 3066 6166
508 3017 579 3080 ferque
601 3015 699 3078 factum
725 3031 741 3064 a
792 3031 884 3065 summa
898 3032 980 3065 rernm
998 3021 1064 3080 6651,
1083 3016 1191 3066 bcweist
1208 3020 1305 3083 wenig-

233 3085 391 3147 Dumnorr'pe.
420 3083 473 3145 [Die
494 3083 585 3134 Worte
604 3086 633 3133 66
651 3087 742 3133 616-
744 3134 753 3147 ,
794 3088 862 3132 61666
875 3083 957 3133 616616
971 3099 1050 3150 gegen
1068 3085 1113 3135 das
1128 3084 1258 3151 Letztere,
1274 3089 1305 3138 66

226 3152 323 3214 sartum
357 3151 413 3200 hiilt
447 3151 553 3218 Bentley
588 3149 630 3200 166
670 3151 742 3202 61666
794 3151 840 3202 der
857 3150 945 3202 Plural
961 3169 1081 3204 rearmz.
1100 3155 1125 3204 Β.
1144 3171 1165 3205 6.
1186 3158 1227 3216 61,
1247 3125 1303 3210 46

233 3218 343 3269 fxemden
360 3218 461 3269 Zusatz
487 3219 528 3269 Sic
542 3220 742 3270 ko'nutenaller-
794 3221 819 3270 B.
839 3218 867 3270 G.
887 3224 911 3283 6,
933 3223 972 3283 11,
992 3223 1097 3274 361666
1111 3239 1176 3286 ganz
1195 3225 1305 3276 anderen

232 3288 303 3352 dings
331 3287 369 3337 616
396 3287 452 3338 6166
479 3289 543 3337 6666
567 3288 611 3337 der
634 3290 742 3338 vorher-
793 3287 862 3351 sinn,
872 3289 922 3338 666
933 3290 1080 3354 6666121,
1091 3292 1160 3345 666ι
1172 3292 1304 3344 66666666

232 3355 517 3422 gchcndenErzahlung
534 3356 649 3406 ziemlich
666 3358 742 3408 iiber-
792 3327 1200 3422 Bedeixtung,uxeh1crmdem
1213 3361 1306 3413 darauf

232 3425 332 3490 diissigc
356 3424 557 3492 Rocapitulation
587 3424 742 3505 erscheinon,
792 3424 925 3490 folgenden
942 3427 1027 3478 seinen
1051 3435 1128 3496 guter
1146 3427 1233 3480 Gnmd
1251 3433 1302 3481 hut.

231 3511 304 3545 wcnu
323 3510 380 3545 man
398 3495 468 3544 nicht
485 3495 622 3544 66666666
639 3495 739 3558 mdeste,
791 3497 890 3546 Summo
907 3498 944 3544 rei
967 3497 1052 3546 wiirde
1070 3497 1137 3548 sein:
1161 3497 1202 3549 dio
1225 3499 1303 3550 letzte

232 3562 740 3626 6666116666616666666156616666
790 3563 992 3628 Entscheiduug,
1028 3565 1072 3615 der
1103 3566 1223 3631 Ausgong
1261 3569 1305 3618 der
1353 3557 1365 3576 '⁸

232 3631 740 3696 (166666666666626661166661666
791 3631 880 3694 Sacbe,
913 3633 956 3682 des
986 3631 1066 3698 llump
1068 3631 1116 3697 fes,
1144 3653 1238 3686 amoma
1266 3654 1305 3687 m

179 3743 181 3750 ,
231 3698 323 3762 116566
364 3703 526 3766 Berechnung
566 3700 740 3751 hervorhoben
792 3700 840 3750 ‘die
873 3700 953 3751 Sache
984 3699 1029 3751 anf
1058 3703 1104 3752 666
1134 3702 1187 3769 Gip
1189 3701 1239 3770 felp
1240 3705 1304 3755 uult

231 3767 302 3828 6111]
791 3769 860 3819 ihrer
877 3768 1064 3834 Entscheiduug
1081 3772 1225 3835 getriebcn,
1224 3722 1303 3836 petis-

268 3839 289 3886 5.
314 3837 355 3884 eoi
373 3839 475 3886 mxime
498 3840 643 3912 confidebat:
666 3853 684 3888 6.
709 3853 740 3888 zu
785 3841 1040 3901 fideremmmoerei:
1053 3839 1122 3890 nicht
1136 3840 1228 3903 661166,
1245 3842 1302 3891 dass

234 3906 255 3966 1,
278 3906 317 3966 12,
336 3905 393 3955 2u.
413 3906 455 3966 42,
476 3907 498 3956 3
792 3905 832 3956 616
859 3905 948 3970 Sache,
972 3905 1039 3970 jetzt
1066 3906 1112 3958 661
1140 3909 1187 3958 666
1220 3907 1302 3960 Pnnkt

267 3976 445 4034 Gpraetoriam
458 3983 560 4034 portam.
585 3973 650 4023 S.zu
663 3976 739 4038 69,2
792 3974 861 4026 ihrer
886 3973 1072 4040 Entscheidung
1099 3976 1218 4041 erhoben,
1246 3977 1302 4028 eiuc
