<?xml version="1.0" encoding="UTF-8"?>
<!DOCTYPE html PUBLIC "-//W3C//DTD XHTML 1.0 Transitional//EN"
    "http://www.w3.org/TR/xhtml1/DTD/xhtml1-transitional.dtd">
<html xmlns="http://www.w3.org/1999/xhtml" xml:lang="en" lang="en">
 <head>
  <title>
</title>
<meta http-equiv="Content-Type" content="text/html;charset=utf-8" />
  <meta name='ocr-system' content='tesseract 3.04.00' />
  <meta name='ocr-capabilities' content='ocr_page ocr_carea ocr_par ocr_line ocrx_word'/>
</head>
<body>
  <div class='ocr_page' id='page_1' title='image "./ciuliicaesarisc00hofmgoog/ciuliicaesarisc00hofmgoog_0225.png"; bbox 0 0 2812 4586; ppageno 0'>
   <div class='ocr_carea' id='block_1_1' title="bbox 184 266 897 373">
    <p class='ocr_par' dir='ltr' id='par_1_1' title="bbox 184 266 897 373">
     <span class='ocr_line' id='line_1_1' title="bbox 184 266 897 373; baseline -0.003 -26"><span class='ocrx_word' id='word_1_1' title='bbox 184 266 190 288; x_wconf 87' lang='lat'><em>&#39;</em></span> <span class='ocrx_word' id='word_1_2' title='bbox 244 296 308 364; x_wconf 77' lang='lat'>204</span> <span class='ocrx_word' id='word_1_3' title='bbox 615 293 897 373; x_wconf 78' lang='lat' dir='ltr'>nasamonium</span> 
     </span>
    </p>
   </div>
   <div class='ocr_carea' id='block_1_2' title="bbox 191 448 1371 2232">
    <p class='ocr_par' dir='ltr' id='par_1_2' title="bbox 191 448 1369 712">
     <span class='ocr_line' id='line_1_2' title="bbox 191 448 1368 530; baseline -0.005 -16"><span class='ocrx_word' id='word_1_4' title='bbox 191 448 194 454; x_wconf 83' lang='grc'><strong>’</strong></span> <span class='ocrx_word' id='word_1_5' title='bbox 247 451 362 514; x_wconf 89' lang='lat' dir='ltr'>sionem</span> <span class='ocrx_word' id='word_1_6' title='bbox 379 458 407 512; x_wconf 90' lang='lat' dir='ltr'>et</span> <span class='ocrx_word' id='word_1_7' title='bbox 424 451 672 530; x_wconf 62' lang='lat' dir='ltr'><strong>contemptionem</strong></span> <span class='ocrx_word' id='word_1_8' title='bbox 687 451 723 512; x_wconf 93' lang='lat' dir='ltr'>ad</span> <span class='ocrx_word' id='word_1_9' title='bbox 746 469 849 511; x_wconf 89' lang='lat' dir='ltr'>omnes</span> <span class='ocrx_word' id='word_1_10' title='bbox 868 449 970 522; x_wconf 85' lang='lat' dir='ltr'>attulit,</span> <span class='ocrx_word' id='word_1_11' title='bbox 992 449 1084 528; x_wconf 90' lang='lat' dir='ltr'>idque</span> <span class='ocrx_word' id='word_1_12' title='bbox 1099 449 1143 510; x_wconf 90' lang='lat' dir='ltr'>ita</span> <span class='ocrx_word' id='word_1_13' title='bbox 1163 468 1238 510; x_wconf 87' lang='lat' dir='ltr'>esse</span> <span class='ocrx_word' id='word_1_14' title='bbox 1262 468 1331 510; x_wconf 91' lang='lat' dir='ltr'>cum</span> <span class='ocrx_word' id='word_1_15' title='bbox 1367 449 1368 472; x_wconf 41' lang='lat' dir='ltr'>l</span> 
     </span>
     <span class='ocr_line' id='line_1_3' title="bbox 247 534 1333 614; baseline -0.004 -16"><span class='ocrx_word' id='word_1_16' title='bbox 247 555 283 598; x_wconf 82' lang='lat' dir='ltr'>ex</span> <span class='ocrx_word' id='word_1_17' title='bbox 298 537 422 597; x_wconf 88' lang='lat' dir='ltr'>aliorum</span> <span class='ocrx_word' id='word_1_18' title='bbox 440 535 679 598; x_wconf 88' lang='lat' dir='ltr'>obiectationibus</span> <span class='ocrx_word' id='word_1_19' title='bbox 695 545 758 597; x_wconf 92' lang='lat' dir='ltr'>tum</span> <span class='ocrx_word' id='word_1_20' title='bbox 775 536 860 596; x_wconf 89' lang='lat' dir='ltr'>etiam</span> <span class='ocrx_word' id='word_1_21' title='bbox 875 554 909 596; x_wconf 87' lang='lat' dir='ltr'>ex</span> <span class='ocrx_word' id='word_1_22' title='bbox 924 535 1086 595; x_wconf 88' lang='lat' dir='ltr'>domestico</span> <span class='ocrx_word' id='word_1_23' title='bbox 1100 534 1221 594; x_wconf 90' lang='lat' dir='ltr'>iudicio</span> <span class='ocrx_word' id='word_1_24' title='bbox 1243 543 1333 614; x_wconf 87' lang='lat' dir='ltr'>atque</span> 
     </span>
     <span class='ocr_line' id='line_1_4' title="bbox 218 618 1369 712; baseline -0.002 -30"><span class='ocrx_word' id='word_1_25' title='bbox 218 622 338 684; x_wconf 73' lang='lat' dir='ltr'>tanimi</span> <span class='ocrx_word' id='word_1_26' title='bbox 351 622 526 684; x_wconf 86' lang='lat' dir='ltr'>conscientia</span> <span class='ocrx_word' id='word_1_27' title='bbox 541 621 750 700; x_wconf 71' lang='lat' dir='ltr'>intellegebant.</span> <span class='ocrx_word' id='word_1_28' title='bbox 785 621 851 694; x_wconf 80' lang='lat' dir='ltr'>Quo</span> <span class='ocrx_word' id='word_1_29' title='bbox 876 620 989 700; x_wconf 90' lang='lat' dir='ltr'>pudore</span> <span class='ocrx_word' id='word_1_30' title='bbox 1005 620 1125 680; x_wconf 89' lang='lat' dir='ltr'>adducti</span> <span class='ocrx_word' id='word_1_31' title='bbox 1150 629 1182 680; x_wconf 87' lang='lat' dir='ltr'>et</span> <span class='ocrx_word' id='word_1_32' title='bbox 1200 622 1332 680; x_wconf 84' lang='lat' dir='ltr'>fortasse</span> <span class='ocrx_word' id='word_1_33' title='bbox 1368 618 1369 712; x_wconf 67' lang='lat' dir='ltr'>l</span> 
     </span>
    </p>

    <p class='ocr_par' dir='ltr' id='par_1_3' title="bbox 219 704 1371 2232">
     <span class='ocr_line' id='line_1_5' title="bbox 250 704 1333 783; baseline -0.004 -15"><span class='ocrx_word' id='word_1_34' title='bbox 250 726 310 768; x_wconf 95' lang='lat' dir='ltr'>non</span> <span class='ocrx_word' id='word_1_35' title='bbox 328 725 359 768; x_wconf 90' lang='lat' dir='ltr'>se</span> <span class='ocrx_word' id='word_1_36' title='bbox 379 707 503 780; x_wconf 89' lang='lat' dir='ltr'>liberari,</span> <span class='ocrx_word' id='word_1_37' title='bbox 522 705 620 767; x_wconf 88' lang='lat' dir='ltr'>sedin</span> <span class='ocrx_word' id='word_1_38' title='bbox 638 707 715 766; x_wconf 88' lang='lat' dir='ltr'>aliud</span> <span class='ocrx_word' id='word_1_39' title='bbox 732 715 848 783; x_wconf 87' lang='lat' dir='ltr'>tempus</span> <span class='ocrx_word' id='word_1_40' title='bbox 864 705 1006 767; x_wconf 88' lang='lat' dir='ltr'>reservari</span> <span class='ocrx_word' id='word_1_41' title='bbox 1020 704 1156 765; x_wconf 90' lang='lat' dir='ltr'>arbitrati</span> <span class='ocrx_word' id='word_1_42' title='bbox 1171 705 1333 766; x_wconf 76' lang='lat' dir='ltr'>discedere</span> 
     </span>
     <span class='ocr_line' id='line_1_6' title="bbox 249 789 1333 872; baseline -0.002 -20"><span class='ocrx_word' id='word_1_43' title='bbox 249 792 366 853; x_wconf 90' lang='lat' dir='ltr'>anobis</span> <span class='ocrx_word' id='word_1_44' title='bbox 380 799 408 852; x_wconf 93' lang='lat' dir='ltr'>et</span> <span class='ocrx_word' id='word_1_45' title='bbox 423 811 531 852; x_wconf 87' lang='lat' dir='ltr'>novam</span> <span class='ocrx_word' id='word_1_46' title='bbox 545 800 685 872; x_wconf 89' lang='lat' dir='ltr'>temptare</span> <span class='ocrx_word' id='word_1_47' title='bbox 701 794 851 854; x_wconf 87' lang='lat' dir='ltr'>fortunam</span> <span class='ocrx_word' id='word_1_48' title='bbox 867 809 1017 869; x_wconf 86' lang='lat' dir='ltr'>novasque</span> <span class='ocrx_word' id='word_1_49' title='bbox 1033 789 1181 851; x_wconf 84' lang='lat' dir='ltr'>amicitias</span> <span class='ocrx_word' id='word_1_50' title='bbox 1198 792 1333 868; x_wconf 81' lang='lat' dir='ltr'>experiri</span> 
     </span>
     <span class='ocr_line' id='line_1_7' title="bbox 219 875 1332 955; baseline -0.005 -15"><span class='ocrx_word' id='word_1_51' title='bbox 219 878 470 940; x_wconf 77' lang='lat' dir='ltr'>lconstituerunt.</span> <span class='ocrx_word' id='word_1_52' title='bbox 515 877 552 938; x_wconf 85' lang='lat' dir='ltr'>Et</span> <span class='ocrx_word' id='word_1_53' title='bbox 573 894 640 936; x_wconf 91' lang='lat' dir='ltr'>cum</span> <span class='ocrx_word' id='word_1_54' title='bbox 659 877 759 955; x_wconf 81' lang='lat' dir='ltr'>paucis</span> <span class='ocrx_word' id='word_1_55' title='bbox 785 875 920 936; x_wconf 82' lang='lat' dir='ltr'>cobocuti</span> <span class='ocrx_word' id='word_1_56' title='bbox 942 875 1095 935; x_wconf 79' lang='lat' dir='ltr'>clientibus</span> <span class='ocrx_word' id='word_1_57' title='bbox 1118 875 1198 948; x_wconf 88' lang='lat' dir='ltr'>suis,</span> <span class='ocrx_word' id='word_1_58' title='bbox 1220 875 1332 955; x_wconf 87' lang='lat' dir='ltr'>quibus</span> 
     </span>
     <span class='ocr_line' id='line_1_8' title="bbox 248 959 1331 1039; baseline -0.003 -15"><span class='ocrx_word' id='word_1_59' title='bbox 248 971 361 1024; x_wconf 89' lang='lat' dir='ltr'>tantum</span> <span class='ocrx_word' id='word_1_60' title='bbox 378 963 490 1023; x_wconf 89' lang='lat' dir='ltr'>facinus</span> <span class='ocrx_word' id='word_1_61' title='bbox 508 962 687 1022; x_wconf 86' lang='lat' dir='ltr'>committere</span> <span class='ocrx_word' id='word_1_62' title='bbox 703 961 856 1032; x_wconf 73' lang='lat' dir='ltr'>audebant</span> <span class='ocrx_word' id='word_1_63' title='bbox 874 961 1004 1039; x_wconf 89' lang='lat' dir='ltr'>primum</span> <span class='ocrx_word' id='word_1_64' title='bbox 1023 959 1121 1020; x_wconf 90' lang='lat' dir='ltr'>conati</span> <span class='ocrx_word' id='word_1_65' title='bbox 1142 968 1223 1021; x_wconf 90' lang='lat' dir='ltr'>sunt</span> <span class='ocrx_word' id='word_1_66' title='bbox 1243 979 1331 1039; x_wconf 90' lang='lat' dir='ltr'>prae·</span> 
     </span>
     <span class='ocr_line' id='line_1_9' title="bbox 250 1045 1331 1126; baseline -0.002 -18"><span class='ocrx_word' id='word_1_67' title='bbox 250 1050 360 1108; x_wconf 89' lang='lat' dir='ltr'>fectum</span> <span class='ocrx_word' id='word_1_68' title='bbox 370 1049 501 1126; x_wconf 90' lang='lat' dir='ltr'>equitum</span> <span class='ocrx_word' id='word_1_69' title='bbox 517 1048 547 1108; x_wconf 87' lang='lat' dir='ltr'>C.</span> <span class='ocrx_word' id='word_1_70' title='bbox 556 1047 735 1106; x_wconf 86' lang='lat' dir='ltr'>Volusenum</span> <span class='ocrx_word' id='word_1_71' title='bbox 749 1046 921 1118; x_wconf 81' lang='lat' dir='ltr'>interlicere,</span> <span class='ocrx_word' id='word_1_72' title='bbox 935 1054 967 1105; x_wconf 92' lang='lat' dir='ltr'>ut</span> <span class='ocrx_word' id='word_1_73' title='bbox 976 1054 1077 1123; x_wconf 89' lang='lat' dir='ltr'>postea</span> <span class='ocrx_word' id='word_1_74' title='bbox 1086 1045 1169 1106; x_wconf 91' lang='lat' dir='ltr'>bello</span> <span class='ocrx_word' id='word_1_75' title='bbox 1189 1049 1331 1106; x_wconf 90' lang='lat' dir='ltr'>confecto</span> 
     </span>
     <span class='ocr_line' id='line_1_10' title="bbox 251 1130 1331 1211; baseline -0.003 -18"><span class='ocrx_word' id='word_1_76' title='bbox 251 1133 400 1211; x_wconf 81' lang='lat' dir='ltr'>cognitum</span> <span class='ocrx_word' id='word_1_77' title='bbox 423 1141 475 1204; x_wconf 91' lang='lat' dir='ltr'>est,</span> <span class='ocrx_word' id='word_1_78' title='bbox 494 1139 527 1192; x_wconf 89' lang='lat' dir='ltr'>nt</span> <span class='ocrx_word' id='word_1_79' title='bbox 548 1150 616 1191; x_wconf 88' lang='lat' dir='ltr'>cum</span> <span class='ocrx_word' id='word_1_80' title='bbox 639 1148 762 1192; x_wconf 91' lang='lat' dir='ltr'>munere</span> <span class='ocrx_word' id='word_1_81' title='bbox 782 1131 879 1208; x_wconf 90' lang='lat' dir='ltr'>aliquo</span> <span class='ocrx_word' id='word_1_82' title='bbox 898 1131 1061 1209; x_wconf 77' lang='lat' dir='ltr'>perfugisse</span> <span class='ocrx_word' id='word_1_83' title='bbox 1082 1131 1119 1192; x_wconf 88' lang='lat' dir='ltr'>ad</span> <span class='ocrx_word' id='word_1_84' title='bbox 1143 1130 1331 1210; x_wconf 89' lang='lat' dir='ltr'>Pompeium</span> 
     </span>
     <span class='ocr_line' id='line_1_11' title="bbox 221 1215 1330 1295; baseline -0.001 -18"><span class='ocrx_word' id='word_1_85' title='bbox 221 1215 236 1264; x_wconf 81' lang='lat'><strong>5</strong></span> <span class='ocrx_word' id='word_1_86' title='bbox 251 1217 434 1289; x_wconf 83' lang='lat' dir='ltr'>viderentur3</span> <span class='ocrx_word' id='word_1_87' title='bbox 449 1225 604 1295; x_wconf 85' lang='lat' dir='ltr'>postquam</span> <span class='ocrx_word' id='word_1_88' title='bbox 621 1216 649 1276; x_wconf 91' lang='lat' dir='ltr'>id</span> <span class='ocrx_word' id='word_1_89' title='bbox 665 1216 810 1277; x_wconf 83' lang='lat' dir='ltr'>difficilius</span> <span class='ocrx_word' id='word_1_90' title='bbox 825 1216 920 1276; x_wconf 84' lang='lat' dir='ltr'>visum</span> <span class='ocrx_word' id='word_1_91' title='bbox 935 1223 978 1276; x_wconf 91' lang='lat' dir='ltr'>est</span> <span class='ocrx_word' id='word_1_92' title='bbox 997 1233 1094 1293; x_wconf 88' lang='lat' dir='ltr'>neque</span> <span class='ocrx_word' id='word_1_93' title='bbox 1108 1216 1245 1277; x_wconf 80' lang='lat' dir='ltr'>facultas</span> <span class='ocrx_word' id='word_1_94' title='bbox 1262 1235 1330 1295; x_wconf 88' lang='lat' dir='ltr'>per-</span> 
     </span>
     <span class='ocr_line' id='line_1_12' title="bbox 249 1286 1371 1380; baseline -0.002 -18"><span class='ocrx_word' id='word_1_95' title='bbox 249 1302 365 1362; x_wconf 86' lang='lat' dir='ltr'>ficiendi</span> <span class='ocrx_word' id='word_1_96' title='bbox 377 1301 506 1374; x_wconf 88' lang='lat' dir='ltr'>dabatur,</span> <span class='ocrx_word' id='word_1_97' title='bbox 521 1320 609 1379; x_wconf 87' lang='lat' dir='ltr'>quarn</span> <span class='ocrx_word' id='word_1_98' title='bbox 621 1303 758 1362; x_wconf 84' lang='lat' dir='ltr'>maximas</span> <span class='ocrx_word' id='word_1_99' title='bbox 773 1309 933 1379; x_wconf 89' lang='lat' dir='ltr'>potuerunt</span> <span class='ocrx_word' id='word_1_100' title='bbox 946 1301 1084 1379; x_wconf 86' lang='lat' dir='ltr'>pecunias</span> <span class='ocrx_word' id='word_1_101' title='bbox 1099 1303 1248 1375; x_wconf 87' lang='lat' dir='ltr'>mutuati,</span> <span class='ocrx_word' id='word_1_102' title='bbox 1259 1321 1329 1380; x_wconf 90' lang='lat' dir='ltr'>pro·</span> <span class='ocrx_word' id='word_1_103' title='bbox 1370 1286 1371 1347; x_wconf 70' lang='lat' dir='ltr'>l</span> 
     </span>
     <span class='ocr_line' id='line_1_13' title="bbox 250 1386 1327 1458; baseline 0.001 -12"><span class='ocrx_word' id='word_1_104' title='bbox 250 1386 317 1448; x_wconf 85' lang='lat' dir='ltr'>inde</span> <span class='ocrx_word' id='word_1_105' title='bbox 334 1405 367 1446; x_wconf 93' lang='lat' dir='ltr'>ac</span> <span class='ocrx_word' id='word_1_106' title='bbox 382 1387 442 1446; x_wconf 91' lang='lat' dir='ltr'>suis</span> <span class='ocrx_word' id='word_1_107' title='bbox 454 1387 619 1448; x_wconf 82' lang='lat' dir='ltr'>satisfacere</span> <span class='ocrx_word' id='word_1_108' title='bbox 633 1396 661 1447; x_wconf 91' lang='lat' dir='ltr'>et</span> <span class='ocrx_word' id='word_1_109' title='bbox 673 1387 801 1446; x_wconf 90' lang='lat' dir='ltr'>fraudata</span> <span class='ocrx_word' id='word_1_110' title='bbox 812 1387 964 1447; x_wconf 90' lang='lat' dir='ltr'>restituere</span> <span class='ocrx_word' id='word_1_111' title='bbox 975 1386 1090 1458; x_wconf 82' lang='lat' dir='ltr'>vellem,</span> <span class='ocrx_word' id='word_1_112' title='bbox 1106 1387 1217 1447; x_wconf 90' lang='lat' dir='ltr'>multis</span> <span class='ocrx_word' id='word_1_113' title='bbox 1229 1394 1327 1447; x_wconf 79' lang='lat' dir='ltr'>coem-</span> 
     </span>
     <span class='ocr_line' id='line_1_14' title="bbox 250 1470 1326 1550; baseline 0 -18"><span class='ocrx_word' id='word_1_114' title='bbox 250 1472 306 1550; x_wconf 89' lang='lat' dir='ltr'>ptis</span> <span class='ocrx_word' id='word_1_115' title='bbox 325 1471 408 1549; x_wconf 90' lang='lat' dir='ltr'>equis</span> <span class='ocrx_word' id='word_1_116' title='bbox 428 1472 463 1532; x_wconf 88' lang='lat' dir='ltr'>atl</span> <span class='ocrx_word' id='word_1_117' title='bbox 480 1472 654 1550; x_wconf 89' lang='lat' dir='ltr'>Pompeium</span> <span class='ocrx_word' id='word_1_118' title='bbox 672 1473 850 1532; x_wconf 89' lang='lat' dir='ltr'>transierunt</span> <span class='ocrx_word' id='word_1_119' title='bbox 871 1487 938 1531; x_wconf 91' lang='lat' dir='ltr'>cum</span> <span class='ocrx_word' id='word_1_120' title='bbox 967 1470 1011 1542; x_wconf 91' lang='lat' dir='ltr'>iis,</span> <span class='ocrx_word' id='word_1_121' title='bbox 1038 1488 1116 1548; x_wconf 93' lang='lat' dir='ltr'>quos</span> <span class='ocrx_word' id='word_1_122' title='bbox 1142 1473 1197 1532; x_wconf 91' lang='lat' dir='ltr'>sui</span> <span class='ocrx_word' id='word_1_123' title='bbox 1219 1473 1326 1532; x_wconf 90' lang='lat' dir='ltr'>consilii</span> 
     </span>
     <span class='ocr_line' id='line_1_15' title="bbox 250 1556 574 1636; baseline -0.006 -18"><span class='ocrx_word' id='word_1_124' title='bbox 250 1557 403 1636; x_wconf 91' lang='lat' dir='ltr'>participes</span> <span class='ocrx_word' id='word_1_125' title='bbox 421 1556 574 1618; x_wconf 86' lang='lat' dir='ltr'>habehant.</span> 
     </span>
     <span class='ocr_line' id='line_1_16' title="bbox 336 1640 1319 1720; baseline -0.001 -18"><span class='ocrx_word' id='word_1_126' title='bbox 336 1643 386 1704; x_wconf 85' lang='lat' dir='ltr'>til.</span> <span class='ocrx_word' id='word_1_127' title='bbox 407 1644 489 1716; x_wconf 87' lang='lat' dir='ltr'>Quos</span> <span class='ocrx_word' id='word_1_128' title='bbox 507 1642 674 1720; x_wconf 88' lang='lat' dir='ltr'>Pompeius,</span> <span class='ocrx_word' id='word_1_129' title='bbox 698 1640 779 1719; x_wconf 89' lang='lat' dir='ltr'>quod</span> <span class='ocrx_word' id='word_1_130' title='bbox 799 1650 882 1702; x_wconf 90' lang='lat' dir='ltr'>erant</span> <span class='ocrx_word' id='word_1_131' title='bbox 903 1641 1026 1702; x_wconf 90' lang='lat' dir='ltr'>honesto</span> <span class='ocrx_word' id='word_1_132' title='bbox 1053 1641 1120 1700; x_wconf 92' lang='lat' dir='ltr'>loco</span> <span class='ocrx_word' id='word_1_133' title='bbox 1145 1642 1217 1702; x_wconf 89' lang='lat' dir='ltr'>nati</span> <span class='ocrx_word' id='word_1_134' title='bbox 1234 1651 1257 1703; x_wconf 90' lang='lat' dir='ltr'>et</span> <span class='ocrx_word' id='word_1_135' title='bbox 1274 1643 1319 1701; x_wconf 93' lang='lat' dir='ltr'>in-</span> 
     </span>
     <span class='ocr_line' id='line_1_17' title="bbox 252 1725 1320 1806; baseline -0.001 -18"><span class='ocrx_word' id='word_1_136' title='bbox 252 1728 352 1788; x_wconf 89' lang='lat' dir='ltr'>structi</span> <span class='ocrx_word' id='word_1_137' title='bbox 362 1727 516 1792; x_wconf 88' lang='lat' dir='ltr'>liberaliter</span> <span class='ocrx_word' id='word_1_138' title='bbox 532 1745 697 1806; x_wconf 82' lang='lat' dir='ltr'>magnoque</span> <span class='ocrx_word' id='word_1_139' title='bbox 713 1725 850 1785; x_wconf 87' lang='lat' dir='ltr'>comitatu</span> <span class='ocrx_word' id='word_1_140' title='bbox 868 1733 896 1785; x_wconf 93' lang='lat' dir='ltr'>et</span> <span class='ocrx_word' id='word_1_141' title='bbox 909 1726 1008 1786; x_wconf 88' lang='lat' dir='ltr'>multis</span> <span class='ocrx_word' id='word_1_142' title='bbox 1023 1726 1167 1786; x_wconf 87' lang='lat' dir='ltr'>iumentis</span> <span class='ocrx_word' id='word_1_143' title='bbox 1186 1737 1320 1788; x_wconf 88' lang='lat' dir='ltr'>venerant</span> 
     </span>
     <span class='ocr_line' id='line_1_18' title="bbox 251 1810 1327 1890; baseline 0 -18"><span class='ocrx_word' id='word_1_144' title='bbox 251 1813 365 1890; x_wconf 88' lang='lat' dir='ltr'>virique</span> <span class='ocrx_word' id='word_1_145' title='bbox 382 1815 472 1873; x_wconf 90' lang='lat' dir='ltr'>fortes</span> <span class='ocrx_word' id='word_1_146' title='bbox 488 1812 669 1872; x_wconf 89' lang='lat' dir='ltr'>habebantur</span> <span class='ocrx_word' id='word_1_147' title='bbox 691 1820 719 1871; x_wconf 88' lang='lat' dir='ltr'>et</span> <span class='ocrx_word' id='word_1_148' title='bbox 740 1811 898 1871; x_wconf 90' lang='lat' dir='ltr'>inhonore</span> <span class='ocrx_word' id='word_1_149' title='bbox 919 1811 996 1887; x_wconf 89' lang='lat' dir='ltr'>apud</span> <span class='ocrx_word' id='word_1_150' title='bbox 1016 1810 1176 1871; x_wconf 86' lang='lat' dir='ltr'>Caesarem</span> <span class='ocrx_word' id='word_1_151' title='bbox 1205 1816 1327 1884; x_wconf 85' lang='lat' dir='ltr'>fuerant,</span> 
     </span>
     <span class='ocr_line' id='line_1_19' title="bbox 253 1895 1327 1975; baseline 0.003 -19"><span class='ocrx_word' id='word_1_152' title='bbox 253 1897 392 1975; x_wconf 85' lang='lat' dir='ltr'>quodque</span> <span class='ocrx_word' id='word_1_153' title='bbox 407 1916 519 1956; x_wconf 89' lang='lat' dir='ltr'>novum</span> <span class='ocrx_word' id='word_1_154' title='bbox 534 1908 562 1957; x_wconf 94' lang='lat' dir='ltr'>et</span> <span class='ocrx_word' id='word_1_155' title='bbox 576 1906 690 1975; x_wconf 90' lang='lat' dir='ltr'>praeter</span> <span class='ocrx_word' id='word_1_156' title='bbox 711 1895 953 1956; x_wconf 87' lang='lat' dir='ltr'>consuetudinem</span> <span class='ocrx_word' id='word_1_157' title='bbox 974 1895 1127 1968; x_wconf 88' lang='lat' dir='ltr'>acciderat,</span> <span class='ocrx_word' id='word_1_158' title='bbox 1151 1899 1266 1958; x_wconf 88' lang='lat' dir='ltr'>omnia</span> <span class='ocrx_word' id='word_1_159' title='bbox 1281 1918 1327 1958; x_wconf 87' lang='lat' dir='ltr'>sua</span> 
     </span>
     <span class='ocr_line' id='line_1_20' title="bbox 223 1981 1329 2062; baseline 0.007 -26"><span class='ocrx_word' id='word_1_160' title='bbox 223 1983 394 2059; x_wconf 76' lang='lat' dir='ltr'>tpraesidia</span> <span class='ocrx_word' id='word_1_161' title='bbox 423 1983 618 2042; x_wconf 80' lang='lat' dir='ltr'>circumduxit</span> <span class='ocrx_word' id='word_1_162' title='bbox 639 1992 725 2058; x_wconf 88' lang='lat' dir='ltr'>atque</span> <span class='ocrx_word' id='word_1_163' title='bbox 753 1981 913 2042; x_wconf 86' lang='lat' dir='ltr'>ostentavit</span> <span class='ocrx_word' id='word_1_164' title='bbox 955 1981 1029 2041; x_wconf 89' lang='lat' dir='ltr'>Nam</span> <span class='ocrx_word' id='word_1_165' title='bbox 1057 1988 1124 2040; x_wconf 90' lang='lat' dir='ltr'>ante</span> <span class='ocrx_word' id='word_1_166' title='bbox 1155 1981 1190 2041; x_wconf 93' lang='lat' dir='ltr'>id</span> <span class='ocrx_word' id='word_1_167' title='bbox 1214 1992 1329 2062; x_wconf 90' lang='lat' dir='ltr'>tempus</span> 
     </span>
     <span class='ocr_line' id='line_1_21' title="bbox 254 2065 1329 2144; baseline 0.001 -17"><span class='ocrx_word' id='word_1_168' title='bbox 254 2084 341 2127; x_wconf 85' lang='lat' dir='ltr'>uerno</span> <span class='ocrx_word' id='word_1_169' title='bbox 358 2075 407 2126; x_wconf 87' lang='lat' dir='ltr'>aut</span> <span class='ocrx_word' id='word_1_170' title='bbox 419 2067 500 2126; x_wconf 88' lang='lat' dir='ltr'>rniles</span> <span class='ocrx_word' id='word_1_171' title='bbox 515 2077 564 2126; x_wconf 93' lang='lat' dir='ltr'>aut</span> <span class='ocrx_word' id='word_1_172' title='bbox 580 2085 693 2144; x_wconf 88' lang='lat' dir='ltr'>equesa</span> <span class='ocrx_word' id='word_1_173' title='bbox 705 2067 824 2126; x_wconf 86' lang='lat' dir='ltr'>Caesare</span> <span class='ocrx_word' id='word_1_174' title='bbox 837 2065 871 2125; x_wconf 89' lang='lat' dir='ltr'>ad</span> <span class='ocrx_word' id='word_1_175' title='bbox 882 2065 1057 2144; x_wconf 90' lang='lat' dir='ltr'>Pompeium</span> <span class='ocrx_word' id='word_1_176' title='bbox 1072 2067 1251 2142; x_wconf 85' lang='lat' dir='ltr'>transierat,</span> <span class='ocrx_word' id='word_1_177' title='bbox 1268 2088 1329 2128; x_wconf 90' lang='lat' dir='ltr'>cun</span> 
     </span>
     <span class='ocr_line' id='line_1_22' title="bbox 253 2151 1328 2232; baseline 0.003 -23"><span class='ocrx_word' id='word_1_178' title='bbox 253 2168 344 2228; x_wconf 90' lang='lat' dir='ltr'>paene</span> <span class='ocrx_word' id='word_1_179' title='bbox 363 2151 466 2210; x_wconf 90' lang='lat' dir='ltr'>cotidie</span> <span class='ocrx_word' id='word_1_180' title='bbox 484 2170 500 2210; x_wconf 93' lang='lat' dir='ltr'>a</span> <span class='ocrx_word' id='word_1_181' title='bbox 522 2151 661 2229; x_wconf 89' lang='lat' dir='ltr'>Pompeio</span> <span class='ocrx_word' id='word_1_182' title='bbox 683 2152 718 2210; x_wconf 90' lang='lat' dir='ltr'>ad</span> <span class='ocrx_word' id='word_1_183' title='bbox 740 2151 891 2212; x_wconf 87' lang='lat' dir='ltr'>Caesarem</span> <span class='ocrx_word' id='word_1_184' title='bbox 914 2154 1111 2229; x_wconf 84' lang='lat' dir='ltr'>perfugerent,</span> <span class='ocrx_word' id='word_1_185' title='bbox 1136 2153 1236 2232; x_wconf 84' lang='lat' dir='ltr'>vulgo</span> <span class='ocrx_word' id='word_1_186' title='bbox 1264 2174 1328 2215; x_wconf 85' lang='lat' dir='ltr'>vero</span> 
     </span>
    </p>
   </div>
   <div class='ocr_carea' id='block_1_3' title="bbox 248 2302 1337 4013">
    <p class='ocr_par' dir='ltr' id='par_1_4' title="bbox 253 2302 1336 2916">
     <span class='ocr_line' id='line_1_23' title="bbox 288 2302 924 2364; baseline -0.006 -10"><span class='ocrx_word' id='word_1_187' title='bbox 288 2303 311 2354; x_wconf 88' lang='grc'>2.</span> <span class='ocrx_word' id='word_1_188' title='bbox 328 2305 361 2350; x_wconf 83' lang='lat' dir='ltr'>ad</span> <span class='ocrx_word' id='word_1_189' title='bbox 376 2319 466 2352; x_wconf 79' lang='lat' dir='ltr'>manee:</span> <span class='ocrx_word' id='word_1_190' title='bbox 484 2303 524 2352; x_wconf 90' lang='lat' dir='ltr'>bei</span> <span class='ocrx_word' id='word_1_191' title='bbox 547 2302 627 2364; x_wconf 70' lang='lat' dir='ltr'>allen,</span> <span class='ocrx_word' id='word_1_192' title='bbox 645 2318 664 2352; x_wconf 86' lang='lat' dir='ltr'>s.</span> <span class='ocrx_word' id='word_1_193' title='bbox 683 2319 712 2352; x_wconf 94' lang='lat' dir='ltr'>zu</span> <span class='ocrx_word' id='word_1_194' title='bbox 731 2302 757 2352; x_wconf 91' lang='grc' dir='ltr'>Β.</span> <span class='ocrx_word' id='word_1_195' title='bbox 808 2302 924 2352; x_wconf 83' lang='lat' dir='ltr'>konntcn.</span> 
     </span>
     <span class='ocr_line' id='line_1_24' title="bbox 254 2367 1332 2434; baseline 0.004 -14"><span class='ocrx_word' id='word_1_196' title='bbox 254 2367 283 2420; x_wconf 84' lang='lat' dir='ltr'>G.</span> <span class='ocrx_word' id='word_1_197' title='bbox 311 2373 335 2431; x_wconf 81' lang='grc'>4,</span> <span class='ocrx_word' id='word_1_198' title='bbox 365 2373 403 2430; x_wconf 87' lang='grc'>16,</span> <span class='ocrx_word' id='word_1_199' title='bbox 429 2375 457 2423; x_wconf 79' lang='lat' dir='ltr'>l:</span> <span class='ocrx_word' id='word_1_200' title='bbox 481 2389 565 2422; x_wconf 82' lang='lat' dir='ltr'>nomen</span> <span class='ocrx_word' id='word_1_201' title='bbox 588 2382 608 2421; x_wconf 86' lang='lat' dir='ltr'>et</span> <span class='ocrx_word' id='word_1_202' title='bbox 626 2375 759 2433; x_wconf 79' lang='lat' dir='ltr'>opinionem</span> <span class='ocrx_word' id='word_1_203' title='bbox 844 2374 866 2422; x_wconf 88' lang='lat'>5.</span> <span class='ocrx_word' id='word_1_204' title='bbox 888 2379 1014 2434; x_wconf 71' lang='lat' dir='ltr'>postquam</span> <span class='ocrx_word' id='word_1_205' title='bbox 1037 2397 1070 2406; x_wconf 92' lang='lat'>—</span> <span class='ocrx_word' id='word_1_206' title='bbox 1088 2374 1195 2421; x_wconf 81' lang='lat' dir='ltr'>vinum</span> <span class='ocrx_word' id='word_1_207' title='bbox 1228 2385 1281 2424; x_wconf 79' lang='lat' dir='ltr'>eat</span> <span class='ocrx_word' id='word_1_208' title='bbox 1298 2392 1332 2423; x_wconf 72' lang='lat' dir='ltr'>aa</span> 
     </span>
     <span class='ocr_line' id='line_1_25' title="bbox 253 2437 1330 2503; baseline 0.002 -15"><span class='ocrx_word' id='word_1_209' title='bbox 253 2444 303 2489; x_wconf 81' lang='lat' dir='ltr'>eins</span> <span class='ocrx_word' id='word_1_210' title='bbox 331 2445 445 2490; x_wconf 65' lang='lat' dir='ltr'>exerceas</span> <span class='ocrx_word' id='word_1_211' title='bbox 470 2469 501 2477; x_wconf 94' lang='lat'><em>-</em></span> <span class='ocrx_word' id='word_1_212' title='bbox 520 2445 553 2490; x_wconf 86' lang='lat' dir='ltr'>ad</span> <span class='ocrx_word' id='word_1_213' title='bbox 577 2446 672 2490; x_wconf 80' lang='lat' dir='ltr'>ultimae</span> <span class='ocrx_word' id='word_1_214' title='bbox 699 2443 758 2490; x_wconf 81' lang='lat' dir='ltr'>Ger·</span> <span class='ocrx_word' id='word_1_215' title='bbox 808 2457 854 2503; x_wconf 84' lang='lat' dir='ltr'>qna</span> <span class='ocrx_word' id='word_1_216' title='bbox 878 2466 911 2474; x_wconf 94' lang='lat'><em>-</em></span> <span class='ocrx_word' id='word_1_217' title='bbox 938 2441 1085 2499; x_wconf 81' lang='lat' dir='ltr'>dabatur,</span> <span class='ocrx_word' id='word_1_218' title='bbox 1109 2437 1156 2488; x_wconf 80' lang='lat' dir='ltr'>des</span> <span class='ocrx_word' id='word_1_219' title='bbox 1187 2439 1265 2492; x_wconf 78' lang='lat' dir='ltr'>Pers.</span> <span class='ocrx_word' id='word_1_220' title='bbox 1288 2459 1330 2493; x_wconf 83' lang='lat' dir='ltr'>von</span> 
     </span>
     <span class='ocr_line' id='line_1_26' title="bbox 253 2506 1332 2574; baseline 0.001 -16"><span class='ocrx_word' id='word_1_221' title='bbox 253 2525 378 2558; x_wconf 84' lang='lat' dir='ltr'>manorum</span> <span class='ocrx_word' id='word_1_222' title='bbox 399 2514 520 2574; x_wconf 70' lang='lat' dir='ltr'>nationes,</span> <span class='ocrx_word' id='word_1_223' title='bbox 548 2511 572 2568; x_wconf 89' lang='grc'>3,</span> <span class='ocrx_word' id='word_1_224' title='bbox 596 2513 620 2570; x_wconf 86' lang='grc'>9,</span> <span class='ocrx_word' id='word_1_225' title='bbox 644 2511 673 2560; x_wconf 87' lang='lat'>3:</span> <span class='ocrx_word' id='word_1_226' title='bbox 697 2512 761 2574; x_wconf 86' lang='lat' dir='ltr'>qnod</span> <span class='ocrx_word' id='word_1_227' title='bbox 809 2508 888 2558; x_wconf 89' lang='lat' dir='ltr'>einem</span> <span class='ocrx_word' id='word_1_228' title='bbox 907 2506 1035 2558; x_wconf 87' lang='lat' dir='ltr'>einzelnen</span> <span class='ocrx_word' id='word_1_229' title='bbox 1059 2506 1165 2556; x_wconf 82' lang='lat' dir='ltr'>Factum</span> <span class='ocrx_word' id='word_1_230' title='bbox 1194 2510 1270 2571; x_wconf 87' lang='lat' dir='ltr'>(man</span> <span class='ocrx_word' id='word_1_231' title='bbox 1291 2513 1332 2562; x_wconf 78' lang='lat' dir='ltr'>sal</span> 
     </span>
     <span class='ocr_line' id='line_1_27' title="bbox 253 2575 1330 2640; baseline 0.003 -12"><span class='ocrx_word' id='word_1_232' title='bbox 253 2594 337 2628; x_wconf 76' lang='lat' dir='ltr'>mnan</span> <span class='ocrx_word' id='word_1_233' title='bbox 362 2581 395 2626; x_wconf 86' lang='lat' dir='ltr'>ad</span> <span class='ocrx_word' id='word_1_234' title='bbox 418 2596 495 2628; x_wconf 73' lang='lat' dir='ltr'>amnes</span> <span class='ocrx_word' id='word_1_235' title='bbox 518 2583 625 2628; x_wconf 80' lang='lat' dir='ltr'>nationes</span> <span class='ocrx_word' id='word_1_236' title='bbox 652 2588 758 2627; x_wconf 78' lang='lat' dir='ltr'>sanctum</span> <span class='ocrx_word' id='word_1_237' title='bbox 810 2575 858 2635; x_wconf 90' lang='lat' dir='ltr'>ein,</span> <span class='ocrx_word' id='word_1_238' title='bbox 878 2576 934 2626; x_wconf 88' lang='lat' dir='ltr'>dass</span> <span class='ocrx_word' id='word_1_239' title='bbox 952 2591 978 2625; x_wconf 90' lang='lat' dir='ltr'>es</span> <span class='ocrx_word' id='word_1_240' title='bbox 995 2575 1203 2640; x_wconf 77' lang='lat' dir='ltr'>schwierigsei),</span> <span class='ocrx_word' id='word_1_241' title='bbox 1219 2578 1271 2630; x_wconf 83' lang='lat' dir='ltr'>das</span> <span class='ocrx_word' id='word_1_242' title='bbox 1286 2579 1330 2630; x_wconf 85' lang='lat' dir='ltr'>ln-</span> 
     </span>
     <span class='ocr_line' id='line_1_28' title="bbox 253 2643 1332 2711; baseline 0 -16"><span class='ocrx_word' id='word_1_243' title='bbox 253 2663 343 2707; x_wconf 80' lang='lat' dir='ltr'>samper</span> <span class='ocrx_word' id='word_1_244' title='bbox 359 2647 458 2710; x_wconf 73' lang='lat' dir='ltr'>suisset.</span> <span class='ocrx_word' id='word_1_245' title='bbox 488 2675 519 2682; x_wconf 93' lang='lat'>-</span> <span class='ocrx_word' id='word_1_246' title='bbox 548 2650 668 2696; x_wconf 76' lang='lat' dir='ltr'>domestico</span> <span class='ocrx_word' id='word_1_247' title='bbox 695 2651 758 2695; x_wconf 75' lang='lat' dir='ltr'>andi·</span> <span class='ocrx_word' id='word_1_248' title='bbox 809 2643 870 2711; x_wconf 85' lang='lat' dir='ltr'>perf.</span> <span class='ocrx_word' id='word_1_249' title='bbox 886 2660 934 2694; x_wconf 91' lang='lat' dir='ltr'>von</span> <span class='ocrx_word' id='word_1_250' title='bbox 949 2643 1187 2695; x_wconf 86' lang='lat' dir='ltr'>einemdaucrndon</span> <span class='ocrx_word' id='word_1_251' title='bbox 1198 2645 1332 2698; x_wconf 83' lang='lat' dir='ltr'>Zustand:</span> 
     </span>
     <span class='ocr_line' id='line_1_29' title="bbox 254 2712 1333 2779; baseline 0.003 -17"><span class='ocrx_word' id='word_1_252' title='bbox 254 2718 299 2763; x_wconf 80' lang='lat' dir='ltr'>eia:</span> <span class='ocrx_word' id='word_1_253' title='bbox 321 2713 361 2763; x_wconf 87' lang='lat' dir='ltr'>die</span> <span class='ocrx_word' id='word_1_254' title='bbox 380 2713 497 2779; x_wconf 81' lang='lat' dir='ltr'>Meinung</span> <span class='ocrx_word' id='word_1_255' title='bbox 514 2715 583 2765; x_wconf 85' lang='lat' dir='ltr'>ihrer</span> <span class='ocrx_word' id='word_1_256' title='bbox 608 2713 758 2778; x_wconf 74' lang='lat' dir='ltr'>Umgebnng,</span> <span class='ocrx_word' id='word_1_257' title='bbox 810 2728 836 2764; x_wconf 88' lang='lat' dir='ltr'>es</span> <span class='ocrx_word' id='word_1_258' title='bbox 854 2729 908 2763; x_wconf 76' lang='lat' dir='ltr'>war</span> <span class='ocrx_word' id='word_1_259' title='bbox 932 2714 1052 2763; x_wconf 82' lang='lat' dir='ltr'>wiihrend</span> <span class='ocrx_word' id='word_1_260' title='bbox 1074 2712 1119 2763; x_wconf 87' lang='lat' dir='ltr'>der</span> <span class='ocrx_word' id='word_1_261' title='bbox 1143 2729 1249 2777; x_wconf 75' lang='lat' dir='ltr'>ganzen</span> <span class='ocrx_word' id='word_1_262' title='bbox 1276 2718 1333 2767; x_wconf 88' lang='lat' dir='ltr'>Zeit</span> 
     </span>
     <span class='ocr_line' id='line_1_30' title="bbox 253 2780 1332 2845; baseline 0.004 -15"><span class='ocrx_word' id='word_1_263' title='bbox 253 2782 287 2830; x_wconf 88' lang='lat' dir='ltr'>im</span> <span class='ocrx_word' id='word_1_264' title='bbox 313 2781 454 2844; x_wconf 80' lang='lat' dir='ltr'>Gegensatz</span> <span class='ocrx_word' id='word_1_265' title='bbox 480 2801 511 2832; x_wconf 87' lang='lat' dir='ltr'>zu</span> <span class='ocrx_word' id='word_1_266' title='bbox 537 2788 639 2834; x_wconf 81' lang='lat' dir='ltr'>aliorum</span> <span class='ocrx_word' id='word_1_267' title='bbox 661 2787 758 2833; x_wconf 78' lang='lat' dir='ltr'>obieeta-</span> <span class='ocrx_word' id='word_1_268' title='bbox 810 2782 882 2832; x_wconf 81' lang='lat' dir='ltr'>hcine</span> <span class='ocrx_word' id='word_1_269' title='bbox 898 2780 1062 2845; x_wconf 77' lang='lat' dir='ltr'>Gelegenheit</span> <span class='ocrx_word' id='word_1_270' title='bbox 1076 2781 1140 2830; x_wconf 83' lang='lat' dir='ltr'>dean</span> <span class='ocrx_word' id='word_1_271' title='bbox 1154 2782 1198 2831; x_wconf 84' lang='lat' dir='ltr'>dn.</span> <span class='ocrx_word' id='word_1_272' title='bbox 1229 2783 1332 2836; x_wconf 84' lang='lat' dir='ltr'>Ebenso</span> 
     </span>
     <span class='ocr_line' id='line_1_31' title="bbox 253 2848 1336 2916; baseline 0.003 -15"><span class='ocrx_word' id='word_1_273' title='bbox 253 2854 364 2901; x_wconf 80' lang='lat' dir='ltr'>tionibus.</span> <span class='ocrx_word' id='word_1_274' title='bbox 810 2851 854 2900; x_wconf 83' lang='lat' dir='ltr'>dus</span> <span class='ocrx_word' id='word_1_275' title='bbox 867 2848 963 2916; x_wconf 78' lang='lat' dir='ltr'>Imperi.</span> <span class='ocrx_word' id='word_1_276' title='bbox 978 2866 998 2899; x_wconf 89' lang='lat' dir='ltr'>c.</span> <span class='ocrx_word' id='word_1_277' title='bbox 1010 2851 1050 2912; x_wconf 85' lang='lat'>58,</span> <span class='ocrx_word' id='word_1_278' title='bbox 1066 2853 1095 2902; x_wconf 82' lang='lat'>5:</span> <span class='ocrx_word' id='word_1_279' title='bbox 1106 2860 1244 2914; x_wconf 72' lang='lat' dir='ltr'>postquam</span> <span class='ocrx_word' id='word_1_280' title='bbox 1255 2883 1286 2892; x_wconf 87' lang='lat'>——</span> <span class='ocrx_word' id='word_1_281' title='bbox 1297 2860 1336 2904; x_wconf 79' lang='lat' dir='ltr'>de-</span> 
     </span>
    </p>

    <p class='ocr_par' dir='ltr' id='par_1_5' title="bbox 248 2917 1337 3740">
     <span class='ocr_line' id='line_1_32' title="bbox 290 2917 1333 2987; baseline 0.002 -17"><span class='ocrx_word' id='word_1_282' title='bbox 290 2920 311 2970; x_wconf 90' lang='grc'>3.</span> <span class='ocrx_word' id='word_1_283' title='bbox 330 2919 592 2980; x_wconf 79' lang='lat' dir='ltr'>quonndora=cuius</span> <span class='ocrx_word' id='word_1_284' title='bbox 606 2919 643 2970; x_wconf 85' lang='lat' dir='ltr'>rei</span> <span class='ocrx_word' id='word_1_285' title='bbox 653 2918 758 2986; x_wconf 71' lang='lat' dir='ltr'>pudore,</span> <span class='ocrx_word' id='word_1_286' title='bbox 804 2921 906 2983; x_wconf 82' lang='lat' dir='ltr'>fiat&#39;abat.</span> <span class='ocrx_word' id='word_1_287' title='bbox 951 2919 978 2968; x_wconf 90' lang='grc' dir='ltr'>Β.</span> <span class='ocrx_word' id='word_1_288' title='bbox 997 2917 1026 2968; x_wconf 86' lang='lat' dir='ltr'>G.</span> <span class='ocrx_word' id='word_1_289' title='bbox 1045 2922 1069 2981; x_wconf 80' lang='lat' dir='ltr'>t,</span> <span class='ocrx_word' id='word_1_290' title='bbox 1088 2919 1129 2981; x_wconf 74' lang='lat'>87,</span> <span class='ocrx_word' id='word_1_291' title='bbox 1150 2921 1178 2971; x_wconf 83' lang='lat'>5:</span> <span class='ocrx_word' id='word_1_292' title='bbox 1194 2932 1333 2987; x_wconf 66' lang='lat' dir='ltr'>postque·</span> 
     </span>
     <span class='ocr_line' id='line_1_33' title="bbox 254 2987 1333 3052; baseline 0.006 -16"><span class='ocrx_word' id='word_1_293' title='bbox 254 3002 274 3036; x_wconf 91' lang='lat' dir='ltr'>s.</span> <span class='ocrx_word' id='word_1_294' title='bbox 299 2987 323 3044; x_wconf 83' lang='lat'>2,</span> <span class='ocrx_word' id='word_1_295' title='bbox 347 2988 388 3049; x_wconf 85' lang='lat'>20,</span> <span class='ocrx_word' id='word_1_296' title='bbox 413 2990 441 3039; x_wconf 79' lang='lat'>4:</span> <span class='ocrx_word' id='word_1_297' title='bbox 464 2992 506 3037; x_wconf 81' lang='lat' dir='ltr'>hoc</span> <span class='ocrx_word' id='word_1_298' title='bbox 533 2993 625 3050; x_wconf 82' lang='lat' dir='ltr'>timore,</span> <span class='ocrx_word' id='word_1_299' title='bbox 643 3006 666 3037; x_wconf 92' lang='lat' dir='ltr'>u.</span> <span class='ocrx_word' id='word_1_300' title='bbox 685 2989 710 3036; x_wconf 89' lang='lat' dir='ltr'>B.</span> <span class='ocrx_word' id='word_1_301' title='bbox 729 2987 758 3038; x_wconf 86' lang='lat' dir='ltr'>G.</span> <span class='ocrx_word' id='word_1_302' title='bbox 809 3005 884 3050; x_wconf 82' lang='lat' dir='ltr'>neque</span> <span class='ocrx_word' id='word_1_303' title='bbox 917 3005 1013 3052; x_wconf 72' lang='lat' dir='ltr'>apparea</span> <span class='ocrx_word' id='word_1_304' title='bbox 1047 3003 1122 3050; x_wconf 81' lang='lat' dir='ltr'>neque</span> <span class='ocrx_word' id='word_1_305' title='bbox 1151 2989 1244 3051; x_wconf 76' lang='lat' dir='ltr'>fossae</span> <span class='ocrx_word' id='word_1_306' title='bbox 1287 2998 1333 3042; x_wconf 62' lang='lat' dir='ltr'>aaa</span> 
     </span>
     <span class='ocr_line' id='line_1_34' title="bbox 256 3056 1203 3122; baseline -0.003 -14"><span class='ocrx_word' id='word_1_307' title='bbox 256 3057 279 3113; x_wconf 79' lang='lat'>5,</span> <span class='ocrx_word' id='word_1_308' title='bbox 296 3057 335 3116; x_wconf 86' lang='lat'>19,</span> <span class='ocrx_word' id='word_1_309' title='bbox 350 3056 373 3105; x_wconf 88' lang='grc'>2.</span> <span class='ocrx_word' id='word_1_310' title='bbox 386 3083 414 3090; x_wconf 89' lang='grc'><strong>-</strong></span> <span class='ocrx_word' id='word_1_311' title='bbox 426 3073 474 3105; x_wconf 87' lang='lat' dir='ltr'>non</span> <span class='ocrx_word' id='word_1_312' title='bbox 485 3060 629 3106; x_wconf 69' lang='lat' dir='ltr'>astiterant:</span> <span class='ocrx_word' id='word_1_313' title='bbox 643 3071 759 3122; x_wconf 85' lang='lat' dir='ltr'>apoena3</span> <span class='ocrx_word' id='word_1_314' title='bbox 810 3059 912 3107; x_wconf 79' lang='lat' dir='ltr'>boetiam</span> <span class='ocrx_word' id='word_1_315' title='bbox 929 3060 1030 3106; x_wconf 78' lang='lat' dir='ltr'>retinere</span> <span class='ocrx_word' id='word_1_316' title='bbox 1044 3066 1203 3117; x_wconf 75' lang='lat' dir='ltr'>poterant.</span> 
     </span>
     <span class='ocr_line' id='line_1_35' title="bbox 254 3121 1332 3190; baseline 0.006 -18"><span class='ocrx_word' id='word_1_317' title='bbox 254 3128 384 3172; x_wconf 67' lang='lat' dir='ltr'>resa-van:</span> <span class='ocrx_word' id='word_1_318' title='bbox 402 3125 434 3173; x_wconf 84' lang='lat' dir='ltr'>od</span> <span class='ocrx_word' id='word_1_319' title='bbox 457 3139 566 3190; x_wconf 90' lang='lat' dir='ltr'>poenam.</span> <span class='ocrx_word' id='word_1_320' title='bbox 596 3129 654 3175; x_wconf 89' lang='lat' dir='ltr'>Non</span> <span class='ocrx_word' id='word_1_321' title='bbox 671 3127 760 3188; x_wconf 75' lang='lat' dir='ltr'>gehiirt</span> <span class='ocrx_word' id='word_1_322' title='bbox 846 3121 898 3182; x_wconf 83' lang='lat'>61.</span> <span class='ocrx_word' id='word_1_323' title='bbox 931 3128 951 3176; x_wconf 93' lang='grc'>1.</span> <span class='ocrx_word' id='word_1_324' title='bbox 980 3141 1112 3188; x_wconf 71' lang='lat' dir='ltr'>mannaque</span> <span class='ocrx_word' id='word_1_325' title='bbox 1136 3130 1275 3180; x_wconf 71' lang='lat' dir='ltr'>eandam:</span> <span class='ocrx_word' id='word_1_326' title='bbox 1311 3131 1332 3180; x_wconf 91' lang='lat' dir='ltr'>l.</span> 
     </span>
     <span class='ocr_line' id='line_1_36' title="bbox 255 3191 1332 3256; baseline 0.004 -12"><span class='ocrx_word' id='word_1_327' title='bbox 255 3208 286 3244; x_wconf 85' lang='lat' dir='ltr'>an</span> <span class='ocrx_word' id='word_1_328' title='bbox 298 3195 403 3250; x_wconf 80' lang='lat' dir='ltr'>liberari,</span> <span class='ocrx_word' id='word_1_329' title='bbox 418 3192 487 3242; x_wconf 90' lang='lat' dir='ltr'>nicht</span> <span class='ocrx_word' id='word_1_330' title='bbox 499 3209 529 3242; x_wconf 89' lang='lat' dir='ltr'>zu</span> <span class='ocrx_word' id='word_1_331' title='bbox 540 3211 570 3243; x_wconf 82' lang='lat' dir='ltr'>se.</span> <span class='ocrx_word' id='word_1_332' title='bbox 598 3193 681 3244; x_wconf 90' lang='lat' dir='ltr'>Wenn</span> <span class='ocrx_word' id='word_1_333' title='bbox 699 3195 760 3243; x_wconf 83' lang='lat' dir='ltr'>aher</span> <span class='ocrx_word' id='word_1_334' title='bbox 786 3217 793 3230; x_wconf 89' lang='lat'><em>·</em></span> <span class='ocrx_word' id='word_1_335' title='bbox 810 3197 851 3256; x_wconf 86' lang='grc'>41,</span> <span class='ocrx_word' id='word_1_336' title='bbox 871 3196 894 3245; x_wconf 88' lang='grc'>2.</span> <span class='ocrx_word' id='word_1_337' title='bbox 912 3221 946 3230; x_wconf 91' lang='grc'>-</span> <span class='ocrx_word' id='word_1_338' title='bbox 963 3209 1064 3242; x_wconf 85' lang='lat' dir='ltr'>nocam:</span> <span class='ocrx_word' id='word_1_339' title='bbox 1081 3191 1120 3242; x_wconf 86' lang='lat' dir='ltr'>als</span> <span class='ocrx_word' id='word_1_340' title='bbox 1137 3199 1224 3246; x_wconf 80' lang='lat' dir='ltr'>etwas</span> <span class='ocrx_word' id='word_1_341' title='bbox 1245 3196 1332 3247; x_wconf 79' lang='lat' dir='ltr'>Nenos</span> 
     </span>
     <span class='ocr_line' id='line_1_37' title="bbox 255 3259 1333 3325; baseline 0.006 -16"><span class='ocrx_word' id='word_1_342' title='bbox 255 3259 443 3310; x_wconf 87' lang='lat' dir='ltr'>Pronominazn</span> <span class='ocrx_word' id='word_1_343' title='bbox 457 3261 521 3310; x_wconf 86' lang='lat' dir='ltr'>zwoi</span> <span class='ocrx_word' id='word_1_344' title='bbox 534 3263 610 3311; x_wconf 89' lang='lat' dir='ltr'>durch</span> <span class='ocrx_word' id='word_1_345' title='bbox 621 3279 669 3311; x_wconf 71' lang='lat' dir='ltr'>aeon</span> <span class='ocrx_word' id='word_1_346' title='bbox 683 3289 711 3297; x_wconf 85' lang='lat'>·—</span> <span class='ocrx_word' id='word_1_347' title='bbox 721 3265 762 3312; x_wconf 82' lang='lat' dir='ltr'>sed</span> <span class='ocrx_word' id='word_1_348' title='bbox 810 3263 861 3312; x_wconf 90' lang='lat' dir='ltr'>und</span> <span class='ocrx_word' id='word_1_349' title='bbox 878 3263 942 3311; x_wconf 90' lang='lat' dir='ltr'>noch</span> <span class='ocrx_word' id='word_1_350' title='bbox 955 3262 1022 3311; x_wconf 89' lang='lat' dir='ltr'>nicht</span> <span class='ocrx_word' id='word_1_351' title='bbox 1034 3261 1282 3325; x_wconf 78' lang='lat' dir='ltr'>Vorgckommenes.</span> <span class='ocrx_word' id='word_1_352' title='bbox 1301 3291 1333 3302; x_wconf 94' lang='lat'>-</span> 
     </span>
     <span class='ocr_line' id='line_1_38' title="bbox 255 3329 1337 3395; baseline -0.001 -16"><span class='ocrx_word' id='word_1_353' title='bbox 255 3329 375 3380; x_wconf 88' lang='lat' dir='ltr'>einander</span> <span class='ocrx_word' id='word_1_354' title='bbox 402 3336 652 3395; x_wconf 76' lang='lat' dir='ltr'>entgcgengcsetzten</span> <span class='ocrx_word' id='word_1_355' title='bbox 687 3330 760 3380; x_wconf 88' lang='lat' dir='ltr'>Satz-</span> <span class='ocrx_word' id='word_1_356' title='bbox 810 3336 890 3381; x_wconf 83' lang='lat' dir='ltr'>omnia</span> <span class='ocrx_word' id='word_1_357' title='bbox 920 3349 964 3380; x_wconf 77' lang='lat' dir='ltr'>ena</span> <span class='ocrx_word' id='word_1_358' title='bbox 990 3335 1115 3392; x_wconf 73' lang='lat' dir='ltr'>praesidia</span> <span class='ocrx_word' id='word_1_359' title='bbox 1146 3335 1337 3384; x_wconf 66' lang='lat' dir='ltr'>cirmmdum‘t:</span> 
     </span>
     <span class='ocr_line' id='line_1_39' title="bbox 255 3395 1333 3464; baseline 0.004 -16"><span class='ocrx_word' id='word_1_360' title='bbox 255 3395 368 3464; x_wconf 77' lang='lat' dir='ltr'>gliedern</span> <span class='ocrx_word' id='word_1_361' title='bbox 380 3401 497 3464; x_wconf 80' lang='lat' dir='ltr'>gehtiren,</span> <span class='ocrx_word' id='word_1_362' title='bbox 516 3414 544 3448; x_wconf 92' lang='lat' dir='ltr'>so</span> <span class='ocrx_word' id='word_1_363' title='bbox 562 3401 649 3449; x_wconf 88' lang='lat' dir='ltr'>stehen</span> <span class='ocrx_word' id='word_1_364' title='bbox 661 3399 698 3449; x_wconf 86' lang='lat' dir='ltr'>sie</span> <span class='ocrx_word' id='word_1_365' title='bbox 715 3414 761 3462; x_wconf 79' lang='lat' dir='ltr'>ge·</span> <span class='ocrx_word' id='word_1_366' title='bbox 812 3415 840 3449; x_wconf 86' lang='lat' dir='ltr'>er</span> <span class='ocrx_word' id='word_1_367' title='bbox 851 3398 936 3450; x_wconf 88' lang='lat' dir='ltr'>fiihrte</span> <span class='ocrx_word' id='word_1_368' title='bbox 948 3399 985 3449; x_wconf 91' lang='lat' dir='ltr'>sie</span> <span class='ocrx_word' id='word_1_369' title='bbox 1003 3398 1043 3448; x_wconf 90' lang='lat' dir='ltr'>bei</span> <span class='ocrx_word' id='word_1_370' title='bbox 1061 3400 1108 3448; x_wconf 89' lang='lat' dir='ltr'>den</span> <span class='ocrx_word' id='word_1_371' title='bbox 1123 3399 1262 3452; x_wconf 81' lang='lat' dir='ltr'>einzelnen</span> <span class='ocrx_word' id='word_1_372' title='bbox 1283 3401 1333 3452; x_wconf 89' lang='lat' dir='ltr'>Po-</span> 
     </span>
     <span class='ocr_line' id='line_1_40' title="bbox 254 3466 1335 3532; baseline 0.003 -14"><span class='ocrx_word' id='word_1_373' title='bbox 254 3468 380 3518; x_wconf 83' lang='lat' dir='ltr'>wo&#39;hnlieh</span> <span class='ocrx_word' id='word_1_374' title='bbox 395 3468 478 3518; x_wconf 91' lang='lat' dir='ltr'>hinter</span> <span class='ocrx_word' id='word_1_375' title='bbox 495 3469 540 3518; x_wconf 89' lang='lat' dir='ltr'>der</span> <span class='ocrx_word' id='word_1_376' title='bbox 554 3466 685 3532; x_wconf 80' lang='lat' dir='ltr'>Negation.</span> <span class='ocrx_word' id='word_1_377' title='bbox 710 3468 759 3517; x_wconf 79' lang='lat' dir='ltr'>Cio.</span> <span class='ocrx_word' id='word_1_378' title='bbox 812 3475 868 3518; x_wconf 90' lang='lat' dir='ltr'>sten</span> <span class='ocrx_word' id='word_1_379' title='bbox 880 3470 974 3530; x_wconf 86' lang='lat' dir='ltr'>herum,</span> <span class='ocrx_word' id='word_1_380' title='bbox 988 3483 1037 3516; x_wconf 88' lang='lat' dir='ltr'>von</span> <span class='ocrx_word' id='word_1_381' title='bbox 1051 3469 1105 3518; x_wconf 90' lang='lat' dir='ltr'>dem</span> <span class='ocrx_word' id='word_1_382' title='bbox 1117 3467 1190 3518; x_wconf 87' lang='lat' dir='ltr'>einen</span> <span class='ocrx_word' id='word_1_383' title='bbox 1206 3485 1269 3519; x_wconf 86' lang='lat' dir='ltr'>znm</span> <span class='ocrx_word' id='word_1_384' title='bbox 1286 3487 1335 3521; x_wconf 82' lang='lat' dir='ltr'>an·</span> 
     </span>
     <span class='ocr_line' id='line_1_41' title="bbox 255 3537 1332 3602; baseline 0.002 -16"><span class='ocrx_word' id='word_1_385' title='bbox 255 3539 285 3588; x_wconf 85' lang='lat' dir='ltr'>ed</span> <span class='ocrx_word' id='word_1_386' title='bbox 301 3537 357 3588; x_wconf 85' lang='lat' dir='ltr'>fam.</span> <span class='ocrx_word' id='word_1_387' title='bbox 373 3542 396 3602; x_wconf 82' lang='lat'>5,</span> <span class='ocrx_word' id='word_1_388' title='bbox 412 3540 436 3600; x_wconf 89' lang='grc'>2,</span> <span class='ocrx_word' id='word_1_389' title='bbox 458 3541 502 3590; x_wconf 86' lang='lat' dir='ltr'>lo:</span> <span class='ocrx_word' id='word_1_390' title='bbox 515 3555 563 3587; x_wconf 91' lang='lat' dir='ltr'>non</span> <span class='ocrx_word' id='word_1_391' title='bbox 574 3555 614 3602; x_wconf 78' lang='lat' dir='ltr'>epo</span> <span class='ocrx_word' id='word_1_392' title='bbox 628 3541 763 3602; x_wconf 74' lang='lat' dir='ltr'>oppnpnavi</span> <span class='ocrx_word' id='word_1_393' title='bbox 813 3537 889 3588; x_wconf 88' lang='lat' dir='ltr'>deren</span> <span class='ocrx_word' id='word_1_394' title='bbox 907 3538 976 3599; x_wconf 80' lang='lat' dir='ltr'>(iiber</span> <span class='ocrx_word' id='word_1_395' title='bbox 993 3541 1082 3586; x_wconf 79' lang='lat' dir='ltr'>ciream</span> <span class='ocrx_word' id='word_1_396' title='bbox 1099 3552 1119 3586; x_wconf 86' lang='lat' dir='ltr'>s.</span> <span class='ocrx_word' id='word_1_397' title='bbox 1134 3553 1166 3585; x_wconf 89' lang='lat' dir='ltr'>zn</span> <span class='ocrx_word' id='word_1_398' title='bbox 1187 3540 1211 3602; x_wconf 93' lang='lat'>1,</span> <span class='ocrx_word' id='word_1_399' title='bbox 1233 3540 1279 3598; x_wconf 83' lang='lat'>14,</span> <span class='ocrx_word' id='word_1_400' title='bbox 1302 3543 1332 3592; x_wconf 75' lang='lat' dir='ltr'>st.</span> 
     </span>
     <span class='ocr_line' id='line_1_42' title="bbox 248 3605 1334 3671; baseline 0.002 -15"><span class='ocrx_word' id='word_1_401' title='bbox 248 3607 356 3668; x_wconf 82' lang='lat' dir='ltr'>fratrem</span> <span class='ocrx_word' id='word_1_402' title='bbox 373 3617 448 3670; x_wconf 85' lang='lat' dir='ltr'>tunm,</span> <span class='ocrx_word' id='word_1_403' title='bbox 472 3610 514 3657; x_wconf 78' lang='lat' dir='ltr'>sed</span> <span class='ocrx_word' id='word_1_404' title='bbox 529 3609 612 3670; x_wconf 80' lang='lat' dir='ltr'>fratri</span> <span class='ocrx_word' id='word_1_405' title='bbox 635 3615 675 3657; x_wconf 87' lang='lat' dir='ltr'>tna</span> <span class='ocrx_word' id='word_1_406' title='bbox 692 3623 761 3668; x_wconf 78' lang='lat' dir='ltr'>rapn-</span> <span class='ocrx_word' id='word_1_407' title='bbox 813 3606 863 3655; x_wconf 86' lang='lat' dir='ltr'>Dor</span> <span class='ocrx_word' id='word_1_408' title='bbox 890 3605 1003 3671; x_wconf 87' lang='lat' dir='ltr'>doppelto</span> <span class='ocrx_word' id='word_1_409' title='bbox 1028 3605 1116 3655; x_wconf 83' lang='lat' dir='ltr'>Aecus.</span> <span class='ocrx_word' id='word_1_410' title='bbox 1148 3605 1189 3655; x_wconf 85' lang='lat' dir='ltr'>bei</span> <span class='ocrx_word' id='word_1_411' title='bbox 1223 3612 1334 3658; x_wconf 66' lang='lat' dir='ltr'>drums-</span> 
     </span>
     <span class='ocr_line' id='line_1_43' title="bbox 252 3671 1334 3740; baseline 0.003 -17"><span class='ocrx_word' id='word_1_412' title='bbox 252 3679 333 3740; x_wconf 71' lang='lat' dir='ltr'>qnana&#39;.</span> <span class='ocrx_word' id='word_1_413' title='bbox 813 3678 889 3737; x_wconf 80' lang='lat' dir='ltr'>duait,</span> <span class='ocrx_word' id='word_1_414' title='bbox 908 3673 956 3724; x_wconf 87' lang='lat' dir='ltr'>wie</span> <span class='ocrx_word' id='word_1_415' title='bbox 974 3673 1014 3723; x_wconf 91' lang='lat' dir='ltr'>bei</span> <span class='ocrx_word' id='word_1_416' title='bbox 1033 3673 1080 3723; x_wconf 89' lang='lat' dir='ltr'>den</span> <span class='ocrx_word' id='word_1_417' title='bbox 1103 3671 1149 3722; x_wconf 86' lang='lat' dir='ltr'>mit</span> <span class='ocrx_word' id='word_1_418' title='bbox 1172 3684 1247 3724; x_wconf 73' lang='lat' dir='ltr'>trane</span> <span class='ocrx_word' id='word_1_419' title='bbox 1287 3693 1334 3726; x_wconf 87' lang='lat' dir='ltr'>zn-</span> 
     </span>
    </p>

    <p class='ocr_par' dir='ltr' id='par_1_6' title="bbox 252 3740 1336 4013">
     <span class='ocr_line' id='line_1_44' title="bbox 289 3740 1333 3808; baseline -0.002 -14"><span class='ocrx_word' id='word_1_420' title='bbox 289 3746 313 3794; x_wconf 80' lang='lat'>4.</span> <span class='ocrx_word' id='word_1_421' title='bbox 346 3759 399 3793; x_wconf 84' lang='lat' dir='ltr'>anm</span> <span class='ocrx_word' id='word_1_422' title='bbox 428 3747 513 3805; x_wconf 76' lang='lat' dir='ltr'>panarii</span> <span class='ocrx_word' id='word_1_423' title='bbox 543 3745 664 3793; x_wconf 69' lang='lat' dir='ltr'>effectione</span> <span class='ocrx_word' id='word_1_424' title='bbox 698 3745 761 3791; x_wconf 71' lang='lat' dir='ltr'>setis:</span> <span class='ocrx_word' id='word_1_425' title='bbox 813 3748 1061 3806; x_wconf 82' lang='lat' dir='ltr'>sommengesotzten&#39;</span> <span class='ocrx_word' id='word_1_426' title='bbox 1076 3740 1168 3791; x_wconf 84' lang='lat' dir='ltr'>Verbis</span> <span class='ocrx_word' id='word_1_427' title='bbox 1199 3753 1333 3808; x_wconf 72' lang='lat' dir='ltr'>tranapor</span> 
     </span>
     <span class='ocr_line' id='line_1_45' title="bbox 254 3808 1333 3876; baseline 0.007 -18"><span class='ocrx_word' id='word_1_428' title='bbox 254 3810 280 3858; x_wconf 80' lang='lat' dir='ltr'>n</span> <span class='ocrx_word' id='word_1_429' title='bbox 295 3808 324 3859; x_wconf 86' lang='lat' dir='ltr'>G.</span> <span class='ocrx_word' id='word_1_430' title='bbox 344 3813 365 3870; x_wconf 91' lang='lat'>1,</span> <span class='ocrx_word' id='word_1_431' title='bbox 387 3813 426 3870; x_wconf 84' lang='grc'>52,</span> <span class='ocrx_word' id='word_1_432' title='bbox 447 3815 469 3863; x_wconf 83' lang='lat'>5.</span> <span class='ocrx_word' id='word_1_433' title='bbox 484 3839 517 3846; x_wconf 92' lang='lat'>-</span> <span class='ocrx_word' id='word_1_434' title='bbox 531 3829 584 3861; x_wconf 81' lang='lat' dir='ltr'>aum</span> <span class='ocrx_word' id='word_1_435' title='bbox 601 3827 698 3861; x_wconf 80' lang='lat' dir='ltr'>munera</span> <span class='ocrx_word' id='word_1_436' title='bbox 715 3815 761 3860; x_wconf 82' lang='lat' dir='ltr'>ati·</span> <span class='ocrx_word' id='word_1_437' title='bbox 812 3813 869 3875; x_wconf 80' lang='lat' dir='ltr'>tara,</span> <span class='ocrx_word' id='word_1_438' title='bbox 892 3814 996 3871; x_wconf 79' lang='lat' dir='ltr'>traicere,</span> <span class='ocrx_word' id='word_1_439' title='bbox 1019 3813 1143 3860; x_wconf 74' lang='lat' dir='ltr'>traducere</span> <span class='ocrx_word' id='word_1_440' title='bbox 1175 3813 1200 3871; x_wconf 89' lang='lat'>1,</span> <span class='ocrx_word' id='word_1_441' title='bbox 1226 3815 1273 3875; x_wconf 84' lang='lat'>55,</span> <span class='ocrx_word' id='word_1_442' title='bbox 1304 3818 1333 3876; x_wconf 78' lang='lat'>13</span> 
     </span>
     <span class='ocr_line' id='line_1_46' title="bbox 254 3877 1332 3943; baseline 0.001 -13"><span class='ocrx_word' id='word_1_443' title='bbox 254 3895 313 3943; x_wconf 84' lang='lat' dir='ltr'>qno:</span> <span class='ocrx_word' id='word_1_444' title='bbox 335 3879 380 3927; x_wconf 90' lang='lat' dir='ltr'>mit</span> <span class='ocrx_word' id='word_1_445' title='bbox 398 3878 477 3928; x_wconf 83' lang='lat' dir='ltr'>eineni</span> <span class='ocrx_word' id='word_1_446' title='bbox 494 3879 604 3941; x_wconf 85' lang='lat' dir='ltr'>Ilienste,</span> <span class='ocrx_word' id='word_1_447' title='bbox 619 3880 696 3929; x_wconf 87' lang='lat' dir='ltr'>durch</span> <span class='ocrx_word' id='word_1_448' title='bbox 714 3880 761 3929; x_wconf 88' lang='lat' dir='ltr'>den</span> <span class='ocrx_word' id='word_1_449' title='bbox 812 3883 854 3942; x_wconf 87' lang='grc'>61,</span> <span class='ocrx_word' id='word_1_450' title='bbox 867 3883 891 3932; x_wconf 87' lang='grc'>4.</span> <span class='ocrx_word' id='word_1_451' title='bbox 928 3879 954 3930; x_wconf 89' lang='grc' dir='ltr'>Β.</span> <span class='ocrx_word' id='word_1_452' title='bbox 968 3877 996 3929; x_wconf 78' lang='lat' dir='ltr'>G.</span> <span class='ocrx_word' id='word_1_453' title='bbox 1014 3882 1035 3942; x_wconf 91' lang='lat'>1,</span> <span class='ocrx_word' id='word_1_454' title='bbox 1051 3881 1090 3938; x_wconf 89' lang='grc'>12,</span> <span class='ocrx_word' id='word_1_455' title='bbox 1102 3879 1132 3940; x_wconf 77' lang='lat'>23</span> <span class='ocrx_word' id='word_1_456' title='bbox 1146 3880 1171 3938; x_wconf 88' lang='grc'>2,</span> <span class='ocrx_word' id='word_1_457' title='bbox 1184 3881 1242 3940; x_wconf 84' lang='grc'>5,1</span> <span class='ocrx_word' id='word_1_458' title='bbox 1263 3898 1290 3932; x_wconf 87' lang='lat' dir='ltr'>n.</span> <span class='ocrx_word' id='word_1_459' title='bbox 1311 3885 1332 3932; x_wconf 85' lang='lat' dir='ltr'>ii.</span> 
     </span>
     <span class='ocr_line' id='line_1_47' title="bbox 252 3945 1336 4013; baseline 0.003 -16"><span class='ocrx_word' id='word_1_460' title='bbox 252 3947 291 3998; x_wconf 87' lang='lat' dir='ltr'>sie</span> <span class='ocrx_word' id='word_1_461' title='bbox 315 3947 369 3996; x_wconf 89' lang='lat' dir='ltr'>sich</span> <span class='ocrx_word' id='word_1_462' title='bbox 392 3947 445 3996; x_wconf 80' lang='lat' dir='ltr'>clem</span> <span class='ocrx_word' id='word_1_463' title='bbox 469 3947 597 4013; x_wconf 88' lang='lat' dir='ltr'>Pompeius</span> <span class='ocrx_word' id='word_1_464' title='bbox 621 3945 760 4013; x_wconf 87' lang='lat' dir='ltr'>empfehlen</span> <span class='ocrx_word' id='word_1_465' title='bbox 847 3951 870 4000; x_wconf 86' lang='grc'>2.</span> <span class='ocrx_word' id='word_1_466' title='bbox 883 3950 1048 4013; x_wconf 68' lang='lat' dir='ltr'>personarent,</span> <span class='ocrx_word' id='word_1_467' title='bbox 1064 3945 1254 4012; x_wconf 75' lang='lat' dir='ltr'>ohne‘thicct,</span> <span class='ocrx_word' id='word_1_468' title='bbox 1273 3951 1336 4012; x_wconf 80' lang='lat' dir='ltr'>(wie</span> 
     </span>
    </p>
   </div>
   <div class='ocr_carea' id='block_1_4' title="bbox 0 0 1416 4586">
    <p class='ocr_par' dir='ltr' id='par_1_7' title="bbox 0 0 1416 4586">
     <span class='ocr_line' id='line_1_48' title="bbox 0 0 1416 4586; baseline 0 0"><span class='ocrx_word' id='word_1_469' title='bbox 0 0 1416 4586; x_wconf 95' lang='lat' dir='ltr'> </span> 
     </span>
    </p>
   </div>
  </div>
 </body>
</html>
