2880 4612
484 308 489 362 ἑ
568 325 608 378 111.
628 329 737 382 ιιι-ει.
767 317 768 320 ’
1065 289 1067 296 ’
1125 326 1189 394 223

20 541 21 544 ,
118 487 223 541 nactus
242 479 334 556 plenia
357 483 586 554 frumentorum,
607 501 681 561 quae
695 527 697 534 .
709 500 803 560 prope
824 481 882 542 iam
905 489 1018 542 matura
1039 492 1130 554 erant,
1150 483 1191 544 ibi

19 585 20 600 ι
117 565 277 625 adventum
292 573 461 642 exspectare
474 565 597 645 Pompei
613 585 709 646 eoque
724 585 844 627 omnem
862 565 929 626 belli
947 566 1091 628 rationem
1115 586 1189 628 con·

118 650 377 711 serreconstituit

203 731 255 800 82.
283 734 443 813 Pompeius
469 735 570 813 paucis
593 743 661 814 post
685 733 789 794 diebus
807 733 838 793 in
856 734 1035 796 Thessaliam
1057 736 1191 813 pervenit

117 819 363 897 contionatusque
385 820 462 897 apud
484 829 624 882 cunctum
645 819 805 880 exercitum
826 819 887 879 suis
915 820 974 898 agit
992 821 1106 898 gratias,
1125 821 1190 881 Sci-

118 902 215 980 pionis
231 905 337 964 milites
351 903 530 978 cohortatur,
550 913 584 965 ut
597 913 677 983 parta
699 905 757 964 iam
777 903 897 964 victoria
913 905 1038 982 praedae
1052 923 1086 966 ac
1100 923 1189 982 prae-

118 989 250 1049 miorum
266 989 356 1050 velint
370 1007 434 1050 esse
444 989 610 1069 participes
624 989 809 1067 receptisque
824 989 964 1050 omnihus
979 989 1011 1049 in
1027 1008 1085 1054 uua
1096 997 1190 1050 castra

117 1071 284 1152 legionibus
304 1093 391 1134 suum
414 1093 483 1135 cum
506 1073 643 1154 Scipione
662 1075 810 1134 honorem
831 1073 954 1151 partitur
976 1075 1189 1154 classicumque

117 1159 195 1236 apud
212 1177 283 1218 eum
299 1160 363 1220 cani
381 1168 409 1220 et
422 1159 547 1223 alterum
561 1160 600 1220 illi
609 1159 690 1220 iubet
704 1159 885 1237 praetorium
899 1159 989 1220 tendi.
1023 1160 1124 1220 Auctis
1135 1179 1188 1220 co·
1202 1177 1217 1227 2

118 1243 172 1320 piis
194 1243 319 1322 Pompei
342 1243 519 1322 duobusque
540 1245 653 1325 magnis
673 1242 847 1306 exercitibus
871 1244 1036 1305 coniunctis
1065 1245 1189 1322 pristina

63 1395 74 1416 ,
117 1328 253 1388 omnium
269 1329 460 1390 confirmatur
482 1331 582 1407 opinio
609 1340 637 1390 et
657 1348 724 1408 spes
745 1329 882 1390 victoriae
900 1340 1032 1408 augetur,
1053 1331 1127 1390 adeo
1147 1340 1189 1402 ut,

117 1413 263 1491 quidquid
289 1414 483 1474 intercederet
506 1415 657 1492 temporie,
683 1414 712 1474 id
740 1415 848 1474 morari
874 1415 1002 1474 reditum
1027 1415 1059 1475 iu
1079 1415 1189 1476 ltaliam

118 1494 276 1570 videretur,
293 1499 361 1559 etsi
378 1499 497 1577 quando
514 1499 584 1577 quid
598 1499 759 1577 Pompeius
774 1499 885 1560 tardius
910 1507 960 1559 aut
976 1499 1188 1560 consideratius
1202 1516 1217 1565 3

118 1584 234 1656 laceret,
252 1583 340 1643 unius
355 1601 418 1644 esse
440 1584 590 1662 negotium
606 1584 672 1656 diei,
693 1583 745 1642 sed
766 1583 850 1644 illum
866 1584 1001 1644 delectari
1017 1585 1141 1661 imperio
1161 1593 1190 1645 et

117 1669 288 1728 consulares
317 1668 540 1747 praetoriosque
570 1687 726 1728 servorum
754 1667 861 1728 habere
890 1686 1017 1728 numero
1048 1668 1188 1728 dicerent.

118 1751 241 1830 lamque
263 1752 339 1812 inter
359 1772 390 1814 se
413 1754 507 1832 palam
530 1754 566 1815 de
582 1753 719 1830 praemiis
740 1771 773 1812 ac
788 1752 957 1813 sacerdotiis
972 1753 1217 1814 contendebam

115 1836 145 1895 in
160 1855 317 1916 annosque
334 1839 519 1900 consulatum
535 1837 781 1913 deliniebant,th
797 1838 902 1898 domos
917 1837 1056 1916 bonaque
1072 1856 1187 1910 eorum,

115 1921 165 1999 qui
186 1923 219 1983 in
243 1923 344 1983 castris
368 1931 451 1984 erant
472 1923 610 1995 Caesaris,
631 1922 783 2002 petebant3
804 1941 967 2002 magnaque
986 1923 1063 1983 inter
1085 1943 1135 1984 eos
1156 1923 1215 1982 in5

115 2119 255 2172 Pronomen
272 2122 351 2172 selbst
373 2123 448 2188 zeigt.
483 2123 553 2173 Auch
571 2139 626 2174 war
679 2125 736 2174 dass
755 2124 825 2174 nicht
842 2123 932 2174 ainmal
950 2125 995 2174 dor
1009 2123 1102 2174 Consul
1120 2123 1188 2174 Naro

117 2189 195 2240 Celsae
220 2191 246 2240 in
270 2191 366 2240 Retroff
387 2192 438 2242 ‘der
460 2192 627 2257 Vorptlcguug
678 2194 761 2244 daron
781 2192 888 2256 abwich,
906 2193 944 2242 als
962 2207 992 2242 er
1008 2192 1062 2242 sich
1079 2209 1126 2243 vor
1143 2193 1189 2242 dar
1221 2209 1224 2215 “

117 2258 161 2308 dor
194 2258 288 2310 Armee
330 2261 454 2310 durchaus
495 2260 565 2310 nicht
601 2262 627 2310 in
678 2261 797 2313 Schlacht
828 2260 867 2310 bei
897 2259 963 2310 Sena
991 2261 1109 2310 heimlich
1143 2261 1190 2311 mit

115 2327 245 2391 giinstiger
263 2327 338 2391 Lege.
365 2327 389 2377 S.
408 2328 468 2394 App.
487 2331 511 2390 2,
529 2332 562 2381 66
577 2329 628 2378 und
677 2329 771 2380 seinem
798 2329 916 2392 Collogen
947 2327 1034 2378 Livius
1063 2328 1190 2392 veroiuigt

115 2401 191 2445 untau
217 2411 239 2460 c.
265 2399 306 2459 85,
330 2399 353 2448 2.
372 2424 405 2432 --
418 2401 499 2458 punto
518 2399 625 2450 frumen·
678 2398 758 2460 hatte,
772 2396 872 2446 obwohl
885 2396 936 2445 ihm
954 2397 1013 2446 sehr
1030 2397 1082 2446 viel
1098 2394 1191 2446 durani

114 2473 192 2514 tomam
211 2464 239 2528 (s.
259 2465 304 2515 das
322 2465 469 2516 Vcrzeichn.
494 2465 539 2515 der
564 2464 627 2515 Ies-
678 2466 776 2528 ankam,
795 2465 842 2514 dan
860 2463 939 2514 Feind
963 2464 1025 2514 iiber
1047 2465 1115 2514 scine
1133 2463 1188 2514 Au-

114 2535 206 2596 anon),
226 2531 276 2582 wie
293 2535 318 2595 2,
337 2536 378 2596 37,
397 2536 420 2585 6.
435 2561 469 2570 -
481 2550 542 2598 quae
550 2551 628 2596 prope
678 2531 815 2585 weseuhcit
832 2549 863 2583 zu
880 2533 1009 2582 tiiuschen.

115 2603 165 2651 iam*
185 2611 283 2656 matura
305 2612 397 2668 eruunt.¹
429 2600 455 2651 ln
479 2601 626 2652 Thessalico
712 2605 736 2654 2.
753 2619 777 2652 ιι.
797 2603 820 2654 3.
838 2611 865 2651 ut
882 2603 1042 2665 quidquod-
1059 2603 1188 2664 uideretur,

115 2668 191 2720 findet
210 2669 251 2719 die
268 2669 346 2720 Ernta
364 2667 465 2734 Anfang
478 2670 537 2720 Juni
554 2677 625 2720 statt.
679 2685 780 2734 gunzso
795 2673 819 2733 2,
833 2671 874 2732 39,
889 2673 912 2722 5.
939 2669 1126 2732 nichostrata
1145 2669 1189 2723 dar

115 2763 149 2774 -
166 2755 239 2802 eoque
255 2755 346 2788 omnem
367 2741 421 2788 belli
436 2742 553 2789 rationem
571 2756 625 2789 con·
678 2739 724 2788 den
749 2737 879 2804 Pompeius
903 2736 972 2788 seina
994 2739 1106 2788 hbheron
1124 2735 1188 2786 cffi-

116 2807 192 2858 rme:
212 2806 296 2869 dahin,
321 2807 346 2855 in
371 2807 441 2858 diese
467 2806 569 2872 (legend
586 2807 626 2858 die
678 2807 745 2857 ciere
762 2807 813 2856 und
827 2806 960 2870 Begloiter,
980 2805 1189 2868 dieiibcrnriithig

115 2889 192 2937 genzo
217 2872 419 2939 llriegsilihrung
443 2891 474 2924 zu
499 2875 625 2940 ver-legen,
678 2876 793 2940 gemacht
830 2877 908 2925 durch
943 2875 991 2924 den
1023 2871 1111 2937 Erlclg
1146 2873 1188 2924 bei

94 2942 154 3001 ¹dio
179 2942 283 3006 Gegand
312 2959 367 2992 zum
390 2941 626 3010 liriegsschauplatz
677 2944 869 3010 Dyrrhachium,
889 2944 935 2993 den
950 2942 1009 3007 Sicg
1022 2940 1186 2993 fdrunzwei-

114 3026 145 3059 zu
162 3013 274 3062 macheu.
678 3010 768 3062 falhab
780 3012 875 3062 hiulton
881 3012 1020 3062 und¹durch
1027 3011 1066 3061 die
1073 3012 1196 3062 Bedenk-.

150 3075 203 3136 82.
231 3081 251 3131 1.
275 3082 357 3141 Pomp.
376 3107 409 3116 —
428 3084 455 3130 in
481 3083 626 3131 Thessaliam
677 3079 813 3130 lichkoiten
848 3080 891 3130 dos
929 3078 1125 3130 Oboricldhorrn
1161 3079 1187 3130 in

114 3153 186 3212 oenc,
199 3147 257 3198 ‘wie
270 3163 296 3198 es
309 3147 415 3211 scheint,
428 3149 468 3198 dio
480 3148 625 3212 egnatische
676 3150 746 3199 ihrm
752 3147 882 3212 hornung,
889 3147 1045 3199 dioFriichte
1052 3149 1095 3199 des
1101 3148 1187 3212 Siegcs

115 3213 243 3270 Chausseo
260 3216 298 3266 bis
317 3215 388 3266 Polla
405 3215 552 3280 versolgond
576 3217 626 3266 und
677 3218 703 3266 in
715 3216 777 3268 Rom
789 3233 820 3266 zu
832 3216 970 3281 geniossen,
988 3216 1042 3268 sich
1053 3217 1187 3280 hingebal-

115 3283 181 3332 dann
196 3285 335 3347 diegrossa
348 3284 446 3334 Strasso
466 3287 528 3334 nach
543 3283 625 3334 Siiden
677 3293 720 3335 ten
745 3286 837 3348 sahen,
869 3301 899 3335 zu
917 3286 962 3335 der
979 3286 1187 3336 ontscheidanden

114 3349 301 3416 einschlagcnd'
332 3353 474 3404 Mommsen.
505 3380 538 3388 -
561 3357 628 3414 apud
677 3353 795 3404 Schlacht
819 3354 950 3418 dr'eingten,
977 3353 1104 3404 schildcrn
1124 3355 1188 3404 auch

113 3430 225 3470 nanuum
242 3438 332 3472 eccrc:
351 3424 373 3483 1,
393 3426 416 3484 7,
438 3425 459 3473 1.
477 3449 510 3458 ·-
528 3425 626 3483 resarcio
677 3421 743 3472 Plut.
755 3420 838 3487 Pomp.
854 3425 895 3486 67,
915 3421 985 3471 Caes.
998 3424 1045 3484 413
1059 3421 1127 3470 Cass.
1139 3421 1188 3470 Dio

114 3491 223 3540 incartr.
241 3493 297 3555 lep:
320 3493 341 3552 l,
361 3492 402 3553 35,
422 3493 445 3544 5.
459 3517 492 3526 —
505 3493 626 3540 aceruum
676 3493 719 3553 42,
729 3493 758 3552 ὃς
768 3489 829 3556 App.
844 3493 868 3552 2,
879 3488 1189 3555 dh'Pcnrpoiusdagcgan

75 3557 89 3574 ⁴
114 3561 183 3617 apud
204 3575 258 3608 cum
280 3562 342 3610 caui.
382 3561 510 3609 coaeum
533 3557 568 3607 ist
585 3558 625 3608 oin
676 3559 755 3609 hatita
767 3560 831 3608 noch
844 3558 937 3620 immor,
953 3558 1000 3607 den
1013 3555 1127 3621 ilriegin
1148 3557 1187 3606 dia

115 3624 232 3689 Zeichen,
251 3626 360 3677 welches
378 3627 423 3676 dcr
439 3625 562 3676 Feldherr
580 3626 626 3675 mit
678 3627 764 3690 L'alnge
776 3642 808 3675 zu
820 3625 908 3676 eichen
916 3626 967 3676 und
979 3641 1007 3675 so
1015 3623 1115 3675 Clisar's
1122 3624 1188 3675 llaer

115 3691 160 3742 der
171 3694 232 3744 tuba
250 3711 282 3744 zn
293 3694 487 3747 verschicdencn
501 3694 626 3744 Zweckcn
678 3696 756 3746 durch
767 3694 869 3757 Hungor
888 3694 939 3743 und
949 3693 1112 3759 Entbchrung
1130 3692 1188 3745 aul-

115 3762 195 3823 gebcn
213 3762 285 3813 liisst.
310 3763 370 3813 Sind
387 3763 452 3813 zwei
468 3761 626 3813 (lber-Fold-
678 3764 765 3814 rciben
783 3778 814 3811 zu
828 3763 926 3812 kliuucn
944 3762 1014 3829 (App.
1027 3778 1050 3812 a.
1063 3778 1085 3813 a.
1099 3761 1144 3827 0.).
1154 3791 1188 3800 ·-

115 3828 191 3880 horrn
220 3831 253 3881 im
284 3830 380 3896 hager,
413 3847 441 3880 so
466 3847 532 3882 muss
552 3829 625 3894 jedes
678 3848 800 3884 servorum
816 3847 928 3882 numero:
946 3835 970 3894 2,
989 3835 1030 3894 44,
1053 3834 1074 3884 1.

115 3898 212 3949 solches
237 3899 346 3950 Zeichen
370 3899 485 3950 'zu‘cimal
514 3900 625 3964 gegeben
712 3904 736 3952 4.
760 3904 787 3950 iu
808 3916 892 3964 annos,
917 3897 972 3950 ‘aul
986 3901 1063 3950 Jahro
1080 3897 1187 3950 hinaus’.

116 3967 224 4018 werden.
261 3968 312 4020 Das
335 3983 390 4018 war
413 3984 441 4020 so
464 3969 524 4019 sehr
550 3967 624 4032 Sittc,
678 3993 711 4002 -
728 3972 774 4020 clii
788 3972 869 4020 donoc
885 3995 920 4006 -
933 3971 1050 4033 patebant.
1084 3968 1135 4019 Cic.
1153 3967 1186 4018 ad
1268 3983 1270 3986 ’
