2880 4612
419 313 421 328 ²
472 411 475 427 2
561 355 602 426 111.
623 359 775 411 tora-tosa
1114 331 1196 422 '245

128 513 259 573 eundem
281 511 437 584 Achillam,
471 511 554 571 cuius
580 529 669 589 supra
697 511 900 582 meminimus,
936 510 1073 572 omnibus
1104 512 1194 590 copiis

128 597 279 676 praefecit.
322 597 410 657 Hunc
425 597 576 656 incitatum
593 597 656 676 suis
679 603 707 656 et
723 597 799 676 regis
821 594 1090 674 pollicitationibus,
1120 613 1194 676 quae

127 682 192 742 fieri
211 683 307 754 vellet,
328 682 429 742 litteris
454 681 621 759 nuntiisque
643 679 767 742 edocuit.
789 682 823 740 ln
845 688 1016 741 testamento
1035 680 1223 745 Ptolomaeis

129 767 220 845 patris
244 767 368 827 heredes
385 774 467 827 erant
484 767 583 844 scripti
603 785 639 826 ex
657 765 773 840 duobus
793 765 858 825 filiis
877 765 969 826 maior
985 774 1013 826 et
1026 785 1062 826 ex
1080 765 1193 827 duabus

127 851 246 912 filiabus
260 871 303 924 ea,
325 870 400 930 quae
414 859 503 912 aetate
517 849 710 912 antecedebat.
731 851 809 911 Haec
823 851 865 910 uti
884 850 996 923 fierent,
1018 869 1071 930 per
1091 869 1194 912 omnes

128 937 201 996 deos
223 955 337 1015 perque
357 937 490 1009 foedera,
520 953 593 1014 quae
608 936 722 1012 ,Romae
738 936 868 1007 fecisset,
896 933 999 998 eodem
1021 944 1193 996 testamento

126 1021 319 1082 Ptolomaeus
329 1022 472 1100 populum
481 1022 648 1083 Romanum
665 1019 869 1080 obtestabatur.
891 1019 1017 1080 Tabulae
1032 1022 1224 1094 testamenti4

128 1124 206 1167 unae
226 1125 282 1186 per
301 1106 409 1185 legatos
423 1106 486 1166 eius
500 1106 624 1167 Romam
639 1113 722 1166 erant
733 1106 842 1178 ¹allatae,
863 1105 946 1166 utin
967 1105 1077 1166 aerario
1099 1123 1194 1182 pone·

128 1200 235 1254 rentur
270 1185 353 1274 (hae,
390 1209 458 1252 cum
489 1199 611 1269 propter
643 1189 772 1269 publicas
807 1191 1012 1268 occupationes
1037 1191 1194 1269 peninon

128 1277 312 1354 potuissent,
347 1276 423 1354 apud
448 1275 622 1353 Pompeium
650 1283 719 1335 sunt
748 1271 923 1357 depositae),
956 1276 1060 1336 alterae
1092 1275 1196 1336 eodem

60 1389 72 1410 2
130 1363 269 1440 exemplo
289 1361 403 1421 rehctae
421 1367 507 1439 atque
526 1360 692 1439 obsignatae
712 1360 900 1421 Alexandriae
919 1359 1153 1437 proferebantur.

217 1443 290 1508 109.
326 1446 367 1506 De
389 1445 434 1506 his
452 1445 540 1506 rebus
562 1463 630 1505 cum
651 1454 784 1523 ageretur
809 1444 887 1522 apud
907 1445 1073 1518 Caesarem,
1111 1445 1196 1522 isque

129 1531 262 1592 maxime
280 1529 365 1590 vellet
387 1547 441 1608 pro
464 1530 614 1590 communi
634 1530 726 1590 audeo
745 1538 831 1607 atque
853 1529 961 1590 arbitro
983 1529 1195 1590 conuoversias

130 1635 237 1695 regum
261 1633 456 1694 componere,
478 1614 575 1675 subito
598 1614 742 1674 exercitus
759 1615 856 1694 regius
875 1614 1077 1692 equitatusque
1098 1615 1195 1674 omnis

128 1701 235 1762 venire
275 1700 478 1760 Alexandriam
515 1699 673 1759 nuntiatur.
716 1699 844 1760 Caesaris
877 1699 976 1777 copiae
1010 1713 1224 1777 nequaquam2

127 1794 216 1847 erant
234 1793 338 1858 tantae,
361 1793 394 1844 ut
413 1784 463 1856 eis,
485 1792 565 1844 extra
586 1783 728 1862 oppidum
747 1784 772 1844 si
792 1791 868 1846 esset
887 1783 1100 1854 dimicandum,
1123 1801 1196 1844 con-

130 1871 245 1931 fideret.
267 1869 504 1948 Relinquebatur,
518 1876 552 1929 ut
566 1888 597 1930 se
611 1869 672 1929 suis
687 1869 757 1928 locis
772 1869 881 1947 oppido
897 1876 1009 1930 teneret
1025 1869 1196 1929 consilium-

128 1973 192 2034 que
214 1955 341 2016 Achillae
366 1962 562 2034 cognosceret.
604 1953 706 2014 Milites
727 1962 825 2015 tamen
845 1972 949 2015 omnes
969 1953 1001 2014 in
1022 1953 1110 2014 aruris
1133 1972 1224 2026 esse3

131 2039 220 2102 iussit
234 2045 393 2119 regemque
407 2040 538 2100 hortatus
554 2046 605 2112 est,
620 2047 653 2100 ut
668 2057 703 2099 ex
718 2039 779 2099 suis
794 2039 972 2113 necessariis,
988 2057 1062 2117 quos
1078 2038 1197 2100 haberet

135 2125 280 2186 maximae
289 2125 474 2197 auctoritatis
495 2124 603 2203 legatos
624 2124 659 2184 ad
674 2120 814 2185 Achillam
829 2125 955 2185 mitteret
971 2133 1008 2197 et,
1030 2124 1100 2201 quid
1121 2131 1198 2184 esset

132 2229 205 2270 suae
221 2209 384 2283 voluntatis,
400 2208 573 2270 ostenderet.
595 2208 620 2268 A
634 2227 693 2286 quo
710 2209 791 2269 missi
805 2209 988 2270 Dioscorides
1004 2219 1032 2270 et
1046 2209 1226 2296 Serapion,4

134 2296 188 2371 qui
223 2294 308 2353 autho
341 2295 424 2372 legati
450 2293 560 2354 Romae
596 2295 712 2353 fuerant
743 2311 938 2371 magnamque
972 2293 1050 2370 apud
1075 2302 1197 2376 patrem
1233 2340 1235 2344 .

134 2378 339 2437 Ptolomaeum
361 2377 561 2438 auctoritatem
582 2376 750 2450 habuerant,
773 2378 808 2436 ad
830 2377 968 2437 Achillam
991 2386 1197 2454 pervenerunt.

135 2462 220 2534 Quos
234 2455 290 2534 ille,
305 2479 372 2521 curn
387 2462 419 2520 in
438 2467 628 2538 conspectum
646 2461 708 2521 eius
724 2461 882 2534 venissent,
899 2461 1071 2539 priusquam
1086 2461 1198 2521 audiret
1212 2483 1226 2532 5

132 2554 202 2619 aut,
239 2546 321 2606 cuius
343 2546 385 2606 rei
408 2563 493 2605 causa
512 2545 594 2605 missi
612 2554 716 2617 essent,
751 2553 947 2625 cognosceret,
984 2545 1198 2624 corripiatque

172 2767 196 2817 2.
227 2769 390 2816 anemtnienua:
418 2763 534 2813 erw'dhut
550 2763 646 2826 haben,
695 2761 776 2814 Briefe
811 2763 939 2815 desselben
973 2762 1080 2827 Inhalts,
1121 2764 1199 2814 denen

136 2833 162 2884 in
183 2832 266 2883 dieser
281 2833 425 2895 bedeutung
441 2831 529 2882 selten.
695 2832 808 2883 dasselbe
826 2833 934 2900 Concept
957 2850 988 2882 zu
1005 2831 1105 2883 Gruude
1122 2831 1198 2896 liest3

174 2905 197 2954 3.
227 2919 256 2952 ete
272 2904 362 2952 duobus
373 2905 453 2965 fillis:
483 2900 527 2951 der
554 2900 645 2950 andere
695 2917 717 2952 z.
736 2902 761 2950 B.
780 2901 830 2951 Cic.
848 2903 880 2952 ad
897 2899 954 2952 fam.
976 2905 1015 2964 10,
1034 2904 1057 2965 5,
1079 2905 1106 2954 1:
1132 2903 1199 2952 beas

135 2969 205 3020 Sobn
223 2985 278 3019 war
295 2969 453 3019 Ptolomaeus
471 2969 516 3018 der
530 2967 644 3034 jiiugere,
695 2987 712 3020 a
727 2981 749 3020 te
765 2973 842 3032 accept
859 2973 948 3021 litterae
964 2973 1041 3022 eodem
1058 2974 1168 3034 exemplo.

137 3039 179 3090 die
198 3039 288 3088 audere
306 3037 417 3090 Tocbter
434 3037 547 3088 Arsinoe.

173 3110 198 3159 4.
216 3109 317 3158 Tabulae
332 3124 394 3158 uuae
411 3134 443 3144 -
461 3110 553 3158 meae.
572 3105 596 3156 S.
615 3121 646 3155 zu
734 3101 807 3164 109.
843 3109 864 3158 1.
895 3123 943 3168 pro
976 3112 1094 3158 commutet
1127 3110 1201 3156 amieo

138 3176 164 3225 B.
184 3173 213 3226 G.
235 3178 262 3238 1,
282 3177 322 3238 53,
341 3179 541 3240 4:duaefilttae‚
560 3178 647 3224 barsan
696 3177 883 3240 atqueurbttre:
902 3172 964 3225 ‘als'.
994 3175 1018 3225 S.
1037 3192 1067 3225 zu
1085 3177 1109 3238 2,
1128 3177 1152 3238 8,
1174 3178 1201 3237 13

136 3249 215 3296 attera
244 3247 325 3304 oepha,
355 3249 431 3294 attera
458 3253 524 3305 eapte
550 3253 590 3298 eet.
613 3269 646 3278 —
698 3259 726 3293 so
750 3240 766 3308 ξ
790 3246 805 3294 5
824 3260 873 3306 pro
888 3248 959 3295 oees'w
976 3246 1094 3308 autumn
1125 3243 1152 3292 B.
1171 3241 1201 3294 G.

134 3321 236 3376 propter
258 3315 367 3375 publicas
401 3315 571 3374 occupationes,
607 3310 647 3360 die
699 3315 722 3374 5,
741 3315 764 3374 7,
784 3314 813 3364 'lt
836 3315 900 3362 nibil
920 3315 983 3362 brace
1005 3329 1029 3362 se
1044 3315 1136 3362 adame
1153 3327 1201 3372 pro

138 3381 257 3432 Uuruben
275 3380 308 3429 im
325 3379 419 3430 Staete.
447 3379 504 3444 Vgl.
523 3394 544 3431 c.
563 3380 605 3440 22,
623 3379 647 3430 4.
699 3381 1202 3444 eamfaeturum.—eeuireAleeaedreem

140 3477 174 3486 -
189 3451 268 3498 eodem
280 3453 389 3510 cample.
408 3451 549 3510 Exemplwn
560 3451 648 3497 littera·
697 3465 747 3499 von
764 3447 888 3500 Pelusium
904 3464 925 3497 e.
946 3450 1002 3510 103,
1024 3450 1043 3500 1.

74 3555 90 3566 ,
143 3535 199 3568 rma
217 3517 251 3566 ist
269 3517 313 3566 dus
332 3515 439 3582 Concept
459 3516 526 3566 eines
544 3513 647 3577 Brieles‚
810 3554 814 3565 .
882 3553 911 3578 .,
967 3550 999 3601 84
1026 3551 1055 3598 2,
1074 3549 1107 3599 44
1134 3549 1202 3599 6-

143 3603 164 3636 2.
183 3586 210 3635 n.
229 3585 278 3635 oso.
297 3585 328 3634 aa
346 3582 402 3634 fam.
421 3587 446 3647 o,
465 3587 505 3647 aa,
527 3587 553 3637 1:
582 3599 648 3633 atae
733 3553 756 3603 ²·
774 3554 948 3668 ⁸l¹⁸²⁰⁶‘⁸·oe?·
968 3620 980 3669 1
1001 3585 1055 3668 ’,θ’
1081 3584 1195 3666 ,ij

140 3658 237 3704 dumam
256 3657 315 3704 bora
333 3655 649 3714 numerosissimarum
698 3622 996 3739 'sfflfgmrfl'5'
1055 3651 1110 3707 ’.’
1148 3653 1153 3664 '
1182 3652 1202 3676 ‘'

140 3727 272 3784 exceptum
289 3727 316 3771 in
333 3724 445 3772 eoda'ctllh
463 3725 566 3781 maraci,
590 3720 649 3770 oder
718 3724 724 3749 '
777 3723 784 3749 ’
826 3723 833 3748 ’
868 3724 875 3749 ‘
929 3723 935 3752 ’
971 3723 977 3734 '

142 3791 207 3840 auch
224 3791 279 3841 eine
296 3787 440 3852 Abschrilt‚
465 3805 486 3838 z.
504 3790 530 3838 B.
548 3787 599 3837 Cic.
617 3789 649 3837 ad
734 3790 757 3841 3.
792 3791 853 3852 quid
884 3797 941 3838 esset
977 3803 1033 3836 suae
1068 3789 1204 3837 voluntatis.

143 3858 200 3908 farn.
231 3863 255 3923 6,
286 3862 309 3922 8,
343 3861 374 3911 3.*
405 3875 486 3908 aarum
517 3861 650 3907 litterarum
700 3855 757 3920 Vgl.
776 3856 802 3905 B.
822 3854 850 3906 G.
872 3857 893 3918 1,
912 3858 953 3918 21,
972 3858 1000 3908 2:
1018 3859 1078 3920 quid
1093 3861 1132 3908 eui
1147 3873 1204 3906 eon-

143 3931 272 3989 exemplem
289 3929 358 3991 infra
375 3931 488 3989 seriptum
506 3935 545 3976 eat.
573 3927 651 3974 Βίων
700 3929 752 3974 silit
770 3929 807 3975 eit.
841 3923 893 3975 Dar
910 3922 1014 3974 Genitiv
1031 3924 1066 3974 ist
1083 3939 1132 3973 von
1149 3939 1205 3986 esee,

144 4000 235 4047 litterae
262 4000 339 4048 eodem
369 3999 471 4058 exemplo
500 3993 556 4044 sind
586 3993 650 4044 zwei
701 3993 769 4044 nicht
786 4009 835 4042 von
853 3995 913 4058 quid
929 3992 1063 4056 abbliugig.
