2906 4586
577 325 607 377 n.
627 330 737 381 ao-rr
1142 331 1204 396 143

125 479 255 539 maxime
270 478 444 552 confidebat,
466 479 611 542 Saburrae
625 481 787 556 summisit3
808 483 872 562 ipse
890 501 959 544 cnm
975 483 1095 563 reliquis
1111 485 1203 563 copiis
1217 493 1233 543 2

126 564 347 642 elephantisque
382 583 421 624 nx
451 564 558 626 lentius
592 567 791 646 subsequitur.
833 569 1003 646 Suspicatus
1033 569 1232 648 praemissist

126 648 275 727 equitibus
308 650 407 728 ipsum
443 650 545 710 adfore
582 651 741 712 Curionem
775 652 903 714 Saburra
933 653 1032 732 copias
1071 654 1205 730 equitum

125 734 320 814 peditumque
341 733 460 794 instruit
486 742 573 812 atque
596 736 641 797 his
663 737 801 815 imperat,
829 747 863 799 ut
884 737 1070 798 simulatione
1090 738 1204 799 timoris

125 819 267 898 paulatim
280 819 385 880 cedant
400 838 433 879 ac
446 820 553 898 pedem
567 823 710 882 referant:
726 840 800 895 sese,
810 840 879 882 cum
893 842 970 901 opus
986 830 1071 896 esset,
1084 823 1204 902 signum

126 904 232 983 proelii
252 905 390 965 daturum
408 912 436 964 et
455 905 535 982 quod
547 923 612 966 rem
622 907 771 984 postulare
782 907 968 986 cognovisset
978 907 1203 986 imperaturum.

125 989 216 1050 Curio
239 989 275 1048 ad
297 989 481 1068 superiorem
503 1009 586 1069 spem
603 990 698 1052 addita
712 993 874 1070 praesentis
889 993 1030 1072 temporis
1053 993 1201 1072 opinione,
1217 1012 1233 1061 4

125 1074 226 1134 hostes
245 1077 347 1152 lugere
364 1073 527 1147 arbitratus,
545 1076 644 1154 copias
662 1095 698 1136 ex
711 1077 783 1138 locis
798 1077 1002 1156 superioribus
1017 1079 1048 1140 in
1065 1096 1204 1156 campum

126 1159 216 1220 ducit.

211 1241 264 1306 41.
287 1243 401 1318 Quibus
415 1263 451 1304 ex
465 1245 536 1306 locis
549 1264 617 1306 cum
630 1247 749 1326 longius
771 1259 848 1309 esset
868 1267 1044 1327 progressus
1067 1249 1202 1308 confecto

72 1379 83 1400 ,
125 1329 186 1392 iam
201 1328 302 1389 labore
318 1329 447 1389 exercitu
465 1348 515 1389 rvr
531 1331 645 1392 milium
664 1332 757 1410 spatio
772 1333 909 1394 constitit.
931 1335 986 1395 Dat
1006 1334 1067 1394 suis
1085 1333 1232 1412 signum2

125 1413 272 1486 Saburra,
301 1413 393 1475 aciem
422 1415 572 1476 coustituit
599 1425 627 1476 et
656 1417 812 1478 circumire
838 1418 957 1479 ordines
985 1427 1072 1496 atque
1093 1418 1205 1478 hortari

124 1498 244 1578 incipit;
271 1499 321 1558 sed
339 1499 468 1578 peditatu
483 1500 633 1561 dumtaxat
647 1503 751 1580 procul
765 1502 802 1562 ad
817 1502 943 1580 speciem
964 1503 1070 1574 utitur,
1091 1503 1204 1580 equites

125 1587 159 1649 in
179 1585 271 1647 aciem
293 1584 386 1646 mittit.
424 1585 492 1646 Non
511 1585 593 1645 deest
611 1587 727 1665 negotio
750 1587 839 1647 Curio
862 1605 992 1665 suosque
1008 1588 1151 1659 hortatur,
1172 1594 1233 1650 ut3

126 1690 212 1752 spem
227 1689 348 1732 omnem
362 1671 394 1730 in
408 1670 514 1731 virtute
521 1679 676 1749 reponant
689 1673 733 1732 Ne
741 1671 881 1732 militibus
890 1672 1018 1750 quidem,
1033 1679 1066 1731 ut
1073 1671 1204 1743 defessis,

127 1775 226 1836 neque
254 1756 417 1835 equitibus,
452 1765 484 1817 ut
506 1756 607 1835 paucis
634 1764 662 1817 et
686 1756 786 1818 labore
812 1758 969 1829 confectis,
1004 1755 1135 1817 studium
1168 1755 1204 1815 ad

127 1841 325 1922 pugnandum
346 1842 498 1920 virtusque
518 1843 632 1914 deerat;
655 1843 705 1902 sed
728 1842 758 1902 hi
777 1851 860 1903 erant
879 1860 1006 1902 numero
1029 1859 1076 1913 ee,
1099 1839 1205 1918 reliqui

125 1929 158 1988 in
180 1927 285 1988 itinere
307 1926 504 1987 substiterant.
547 1927 593 2000 Hi,
616 1945 836 2007 quamcumque
864 1927 895 1987 in
923 1934 1036 2004 partem
1060 1925 1235 2004 impetum4

128 2016 270 2085 fecerant,
281 2011 380 2072 hostes
391 2013 456 2072 loco
469 2011 573 2072 cedere
585 2012 736 2092 cogebant,
751 2012 802 2073 sed
819 2029 915 2091 neque
929 2011 1046 2092 longius
1061 2011 1205 2090 fugientes

127 2097 272 2177 prosequi
293 2115 348 2156 nec
366 2097 568 2157 vehementius
590 2116 684 2176 equos
705 2097 826 2158 incitare
839 2104 983 2176 poterant.
1004 2097 1043 2157 tr
1059 2096 1234 2176 equitatus5

127 2183 262 2243 bostium
288 2181 324 2242 ab
350 2189 477 2261 utroque
500 2201 595 2243 cornu
622 2182 746 2243 circuire
768 2183 860 2244 aciem
882 2190 1015 2244 nostram
1038 2190 1067 2243 et
1086 2198 1206 2241 aversos

127 2275 282 2348 proterere
292 2267 400 2345 incipit.
418 2267 493 2328 Cum
509 2267 645 2328 cohortes
662 2286 697 2327 ex
707 2267 767 2328 acie
781 2267 1047 2346 procucurrissent,
1062 2266 1206 2328 Numidae
1219 2279 1235 2328 6

126 2352 236 2431 integri
258 2352 400 2412 celeritate
418 2353 563 2430 impetum
584 2360 758 2412 nostrorum
782 2351 967 2431 effugiebant,
988 2368 1154 2428 rursusque
1170 2350 1206 2408 ad

129 2436 252 2498 ordines
274 2453 345 2497 suos
367 2456 399 2498 se
420 2437 593 2515 recipientes
616 2436 778 2497 circuibant
807 2446 836 2496 et
859 2436 896 2497 ab
923 2436 983 2495 acie
1005 2433 1207 2495 excludebant

128 2677 155 2736 4,
176 2675 384 2736 b,'1Dardanaa
398 2682 477 2722 turrea
490 2671 645 2722 01101.-
696 2672 764 2722 dh.
783 2670 815 2720 da
832 2670 869 2722 sie
888 2669 952 2720 doch
978 2670 1089 2722 ermiidct
1112 2683 1208 2731 waren,

128 2744 174 2793 oua·
190 2743 331 2805 confidebat:
352 2743 374 2802 1,
393 2743 435 2802 42,
455 2741 478 2792 3.
695 2755 724 2790 so
742 2740 799 2790 dass
816 2754 866 2789 von
884 2738 973 2801 ibren,
992 2740 1030 2789 als
1047 2737 1208 2800 Ermiideten,

167 2813 191 2862 4.
223 2813 281 2860 bost.
299 2810 390 2874 supera
417 2811 563 2872 arbitratus,
595 2807 644 2857 lir-
696 2809 741 2859 das
753 2806 904 2872 Gegentlreil
918 2806 1210 2857 nichtzuverwundern

128 2879 269 2941 liiuterung
303 2894 334 2927 zu
364 2882 499 2939 marcentia
534 2881 646 2938 temporie
696 2891 813 2941 genesen
829 2877 909 2927 witra.
923 2893 1066 2928 -numero
1084 2878 1133 2926 6¹0:
1152 2889 1210 2924 nur

127 2949 256 3009 opinione:
272 2946 311 2996 die
326 2944 438 3009 (falarie)
453 2945 570 3008 blainurrg
582 2945 645 2996 iiber
697 2947 747 2998 200
765 2944 799 2996 M.
817 2945 903 3007 stark,
922 2945 971 2995 wie
990 2942 1052 2994 ‘nur’
1071 2942 1209 2994 100120111-

127 3016 187 3076 das,
202 3029 256 3063 was
274 3013 449 3078 gegenwiirtig
466 3015 583 3078 gcscbnlr.
697 3013 819 3077 begrillcn
855 3014 904 3063 und
938 3011 1128 3063 Pronomirribus
1160 3012 1211 3074 (boc

169 3077 222 3138 41.
243 3085 264 3134 1.
281 3087 369 3144 apator
394 3096 415 3131 c.
435 3083 475 3144 38,
495 3085 518 3134 3.
553 3080 587 3132 Es
611 3081 646 3132 iat
698 3085 873 3132 dicoznurso
888 3080 1075 3146 vielsagcioh)
1090 3081 1210 3145 gewilio-

129 3148 412 3215 dicllntlernungvom
421 3148 646 3216 Ausgarrgspunkte
697 3149 749 3200 liclr
772 3150 945 3214 waggolassen
967 3150 1039 3199 wird.
1075 3150 1100 3199 ll.
1124 3146 1154 3199 G.
1185 3149 1210 3209 ’1,

129 3218 251 3284 gement.
699 3221 740 3279 80,
762 3219 788 3270 l:
806 3235 855 3268 uno
871 3222 911 3269 die
921 3223 1068 3272 intermino:
1086 3215 1210 3266 noreio

170 3287 194 3338 3.
222 3303 272 3338 nott
301 3290 375 3337 deut:
410 3289 437 3350 1,
465 3288 494 3350 1,
521 3289 545 3338 2.
570 3315 603 3322 -
621 3295 649 3337 ut
697 3285 759 3350 Tag.
779 3287 902 3349 3‚1·t‚5:
920 3288 1212 3348 missiamanum

129 3356 234 3419 defertis
251 3383 284 3391 —
302 3365 330 3406 ut
344 3360 437 3417 pando.
475 3354 512 3406 Da
530 3365 571 3418 ut,
597 3354 647 3405 wic
703 3357 831 3406 Viridovix
848 3366 930 3406 contra
951 3373 1004 3407 eum
1022 3358 1095 3404 duum
1118 3355 1212 3402 anilium

131 3420 172 3482 ὥς
205 3425 255 3473 und
291 3421 347 3486 ἅτε,
383 3423 439 3473 cine
473 3423 649 3486 begriindende
698 3428 776 3486 spatio
793 3427 939 3474 conedam.

70 3543 71 3546 ,
130 3491 284 3557 Apposition
301 3489 398 3555 beil'rigt
424 3493 453 3552 (c.
483 3494 522 3553 12,
551 3494 579 3554 5;
606 3493 648 3553 42,

70 3553 85 3582 “’·
135 3560 170 3622 1),
189 3561 260 3610 wir-c
277 3559 499 3610 dcrnutiirlicbstc
514 3557 647 3610 Gednnle:
710 3563 757 3612 -4,
780 3575 951 3624 mmoremqoa
978 3561 1005 3606 io
1029 3565 1123 3616 metm
1154 3557 1212 3614 imp.

133 3631 259 3689 macno,
276 3629 422 3693 malesuasa,
439 3632 548 3679 studium
561 3630 648 3678 deerat
697 3629 843 3692 fecerant
872 3655 905 3663 —
933 3627 1054 3691 repebant:
1089 3637 1110 3672 c.
1136 3625 1161 3684 6,
1187 3624 1211 3673 2.

134 3695 197 3746 Hier
215 3697 290 3760 aber,
316 3712 357 3746 wo
380 3695 421 3746 die
438 3694 586 3762 'lapferlrait
604 3697 649 3746 dar
699 3697 818 3760 Dagegan
836 3694 852 3760 ᾖ
871 3699 886 3748 6
904 3711 957 3746 mm
974 3696 1078 3743 cohow
1094 3707 1212 3754 procu-

135 3763 258 3816 Soldaten
277 3763 358 3814 selbst
374 3770 448 3815 unter
470 3764 572 3815 solclrcn
589 3763 649 3815 Um·
700 3768 881 3815 carrionem
898 3791 931 3799 —
948 3763 1091 3828 offups'eboot
1109 3762 1153 3811 der
1170 3758 1213 3809 boi

135 3833 244 3884 stindcn
261 3835 375 3897 geriilrnrt
392 3833 466 3896 wird,
484 3833 519 3883 ist
536 3834 580 3884 der
598 3831 650 3883 Ge·
701 3831 781 3884 Cicer·
794 3833 918 3883 seltenerc
929 3828 1077 3882 Coniunctis
1087 3828 1129 3880 bai
1141 3828 1212 3878 Zeit-

138 3901 231 3951 danke:
255 3901 325 3951 niclrt
348 3900 439 3951 einmal
464 3901 510 3952 den
529 3900 650 3952 Soldaton
700 3899 1030 3967 partikelnznmdusdruck
1043 3897 1211 3950 dchieder·

137 3967 186 4019 ‘als
207 3967 365 4021 Ermiidetcn’
389 3967 469 4020 lelrlte
498 3970 543 4020 der
569 3969 649 4034 Motu,
701 3969 803 4034 holong.
822 3997 856 4008 ·—
868 3972 998 4035 praeque:
1015 3983 1037 4019 c.
1056 3969 1080 4031 8,
1100 3969 1123 4018 2.
