2812 4586
562 331 602 382 111.
622 334 731 384 oc-oe.
775 369 781 380 .
1123 330 1186 395 235

110 485 363 558 defendebantur,
389 487 483 546 multo
516 487 602 546 etiarn
632 486 728 546 acrius
757 505 773 546 a
803 484 966 546 Thracibus
994 484 1185 564 barbarisque

111 570 238 630 auxiliis.
275 571 349 631 Nam
366 571 416 648 qui
433 571 493 630 acie
510 574 679 650 refugerant
704 570 818 643 milites,
837 578 865 631 et
880 571 978 630 animo
993 571 1139 647 perterriti
1158 578 1186 630 et
1200 579 1216 630 3

112 655 281 715 lassitudine
304 655 439 728 conlecti,
462 656 558 716 missis
577 657 710 735 plerique
733 657 821 716 armis
840 655 989 734 signisque
1013 654 1185 714 militaribus
1255 685 1257 689 ·

113 741 206 818 magis
221 740 257 800 de
272 741 384 818 reliqua
401 743 469 818 luga
485 759 574 818 quam
590 741 626 801 de
643 749 808 802 castrorum
822 741 994 800 defensione
1013 739 1185 818 cogitabant.

113 825 216 902 Neque
226 843 296 884 vero
309 825 426 898 diutius,
436 826 525 903 quiin
533 826 606 886 vallo
618 825 816 896 constiterant,
828 825 1045 886 multitudinem
1059 825 1186 885 telorum
1199 839 1217 889 4

113 909 260 970 sustinere
282 917 450 988 potuerunt,
474 911 525 970 sed
548 911 675 970 confecti
694 909 866 970 vulneribus
884 911 984 970 locum
1002 909 1187 988 reliquerunt

112 995 309 1072 protinusque
326 1013 429 1055 omnes
446 994 572 1055 ducibus
594 996 641 1056 usi
657 995 879 1055 centurionibus
901 994 1087 1071 tribunisque
1108 994 1185 1054 mili-

112 1081 218 1140 tnmin
229 1080 384 1140 altissimos
400 1090 525 1152 montes,
541 1081 592 1158 qui
607 1080 642 1140 ad
658 1089 750 1140 castra
766 1079 958 1158 pertinebant,
978 1082 1186 1158 confugerunt.

199 1163 249 1226 96.
271 1165 305 1225 ln
327 1165 428 1225 castris
450 1164 573 1244 Pompei
594 1165 693 1225 videre
714 1165 795 1224 licuit
815 1165 943 1224 trichilas
964 1172 1099 1236 structas,
1122 1183 1185 1223 rna·

111 1267 207 1328 gnum
223 1250 335 1328 argenti
351 1250 469 1328 pondus
486 1251 662 1328 expositum,
678 1249 846 1310 recentibus
869 1249 1027 1334 cespitibns
1048 1249 1185 1310 taberna-

112 1335 177 1394 cula
193 1343 347 1407 constrata,
368 1334 452 1394 Lucii
474 1335 560 1395 etiarn
581 1335 697 1396 Lentuli
719 1345 748 1394 et
765 1335 980 1394 nonnullorum
1001 1333 1186 1395 tabernacula

112 1427 243 1497 protecta
259 1419 354 1491 edera,
369 1420 518 1497 multaque
534 1428 692 1497 praeterea,
709 1437 783 1497 quae
799 1419 919 1479 nimiam
934 1420 1081 1480 luxuriam
1097 1427 1126 1480 et
1140 1419 1184 1478 vi-

112 1504 221 1563 ctoriae
238 1503 374 1563 fiduciam
391 1503 587 1581 designarent,
601 1513 634 1565 ut
649 1504 730 1564 facile
746 1503 904 1563 existimari
927 1511 1027 1580 posset
1043 1503 1115 1563 nihil
1135 1521 1185 1562 eos

111 1589 150 1648 de
172 1597 279 1649 eventu
301 1588 364 1647 eius
386 1587 442 1647 diei
457 1589 597 1660 timuisse,
618 1589 671 1667 qui
690 1606 753 1648 non
776 1587 953 1649 necessarias
976 1588 1187 1665 conquirerent

111 1673 284 1751 voluptates.
315 1673 352 1733 At
372 1673 402 1732 hi
425 1673 591 1732 miserrimo
613 1692 647 1733 ac
668 1672 879 1752 patientissimo
902 1672 1033 1732 exercitu
1055 1671 1214 1734 Caesaris2

110 1757 259 1817 luxuriem
274 1755 445 1830 obiciebant,
463 1759 509 1817 oui
519 1777 637 1836 semper
652 1758 751 1818 omnia
766 1757 802 1817 ad
813 1757 1012 1818 necessarium
1027 1775 1117 1816 usum
1131 1756 1200 1816 de-‘

113 1841 249 1901 luissent.
288 1841 457 1920 Pompeius,
480 1843 537 1902 iarn
558 1861 626 1903 eum
647 1844 722 1903 intra
745 1843 851 1902 vallum
873 1842 967 1902 nostri
987 1851 1213 1914 versarentur,3

110 1943 226 2003 equum
247 1935 349 1986 nactus
365 1927 499 1987 detractis
521 1928 686 2006 insignibus
707 1927 900 2006 imperatoris
916 1927 1078 1986 decumana
1100 1935 1185 2004 porta

110 2029 144 2070 se
165 2029 201 2071 ex
221 2012 322 2079 castris
344 2010 426 2071 eiecit
447 2013 643 2091 protinusque
666 2031 743 2090 eque
766 2013 850 2072 citato
873 2012 1003 2072 Larisam
1025 2011 1184 2072 contendit.

110 2095 215 2173 Neque
235 2095 275 2155 ibi
297 2097 431 2170 constitit,
452 2097 504 2156 sed
526 2098 629 2158 eadem
659 2098 802 2158 celeritate
829 2116 939 2175 paucos
966 2115 1036 2157 suos
1058 2115 1092 2156 ex
1115 2100 1214 2176 lugat

112 2189 216 2242 nactus
228 2188 375 2262 nocturno
386 2182 491 2242 itinere
505 2201 566 2243 non
583 2183 751 2244 intermisso
767 2183 905 2242 comitatu
920 2182 1051 2267 equitum
1068 2182 1184 2260 triginta

112 2265 149 2325 ad
164 2283 244 2325 mare
259 2267 393 2345 pervenit
414 2285 578 2345 navemque
600 2267 823 2328 frumentariam
841 2266 1013 2326 conscendit
1034 2285 1130 2344 saepe,
1152 2275 1185 2327 ut

110 2467 227 2532 giinstige
247 2466 381 2532 Wendung
398 2470 502 2518 nehmen
529 2465 622 2518 werde'
674 2467 891 2532 praemunient
914 2467 1184 2530 commutatatum

112 2535 182 2586 Held.
675 2536 701 2585 in
724 2537 833 2586 direeter
851 2535 918 2586 Rode
942 2539 1112 2599 ceraqutrebaut
1129 2543 1183 2586 ste-

148 2603 229 2654 Ueber
252 2603 291 2654 die
315 2604 441 2668 kligliehe
464 2603 557 2654 Flneht
580 2605 623 2654 des
674 2605 722 2654 ben
740 2605 834 2654 u'iirde.
1196 2631 1197 2634 =

113 2671 243 2738 Pompeius
268 2673 347 2736 vergl.
375 2672 440 2723 Plut.
470 2672 552 2739 Pomp.
583 2675 622 2724 12.
709 2675 732 2724 2.
746 2676 782 2723 At
791 2677 818 2724 le·
830 2671 1009 2724 -obieieboet
1037 2670 1071 2721 lls
1085 2671 1183 2722 sebeint

114 2741 184 2790 Caes.
201 2744 242 2793 45.
260 2740 321 2807 App.
340 2745 365 2804 2,
384 2743 424 2793 81.
675 2741 757 2792 dieser
770 2740 892 2794 Vorwurl
902 2742 946 2790 der
959 2739 1132 2790 Aristokretie
1150 2739 1184 2789 im

148 2806 200 2866 95.
226 2811 249 2861 2.
273 2828 289 2860 a
312 2813 444 2860 Thracibus
461 2812 622 2874 turbareque.
674 2809 756 2874 Lnger
774 2811 817 2860 des
829 2809 959 2876 Pompeius
975 2808 1020 2860 aus
1036 2810 1079 2858 das
1093 2807 1184 2859 freiero

112 2877 183 2928 duob
207 2877 247 2927 die
271 2877 394 2928 Thracier
416 2893 503 2928 ereren
521 2882 623 2929 barbara
674 2877 807 2929 Gebahren
823 2881 874 2929 und
897 2879 943 2928 den
968 2879 1086 2928 iusseren
1106 2876 1185 2927 Glenz

110 2951 216 2998 mettim
235 2946 284 2996 wie
302 2947 356 2997 also
375 2963 406 2997 zn
422 2939 588 2998 iibersetzen?
673 2963 705 2996 zu
722 2949 811 3010 gehen,
831 2949 879 2998 den
891 2946 971 2997 Cisnr
982 2947 1069 2998 seinen
1088 2945 1185 2996 Lenten

149 3017 171 3067 3.
190 3020 246 3068 πίε.
273 3015 297 3065 S.
316 3033 347 3066 zu
365 3032 385 3065 o.
404 3019 446 3080 29,
470 3019 490 3068 1.
674 3018 772 3079 gdnnte.
798 3015 865 3066 Suet
886 3016 956 3066 Caes.
980 3018 1026 3068 d'l:
1061 3017 1101 3066 Ae
1125 3032 1186 3065 nen-

147 3086 171 3134 4.
191 3088 219 3132 in
243 3089 370 3135 ebebeimeo
393 3095 490 3146 montes,
512 3084 551 3134 die
569 3083 623 3133 An·
674 3101 799 3148 nunquam
806 3095 862 3147 poet
875 3102 986 3150 mapsam
994 3101 1103 3149 mpetum
1115 3095 1186 3148 atque

113 3152 194 3200 labben
213 3167 262 3201 von
280 3151 399 3203 Krannon
421 3154 472 3202 und
495 3152 623 3202 Sketussa.
673 3157 805 3216 ueterum,
817 3159 915 3204 reniero
930 3154 1068 3218 officiorum
1078 3170 1184 3212 munere,

150 3215 202 3275 96·
222 3223 243 3272 l.
262 3225 371 3271 trtcbile:
389 3223 410 3272 ‘e
426 3225 503 3271 ramas
514 3223 624 3285 frondea
673 3225 793 3272 leentiam
815 3239 906 3272 omnem
925 3227 1019 3283 partim
1048 3225 1188 3271 lasciuiendi

106 3289 180 3351 seete
209 3288 271 3338 eaea'
299 3287 372 3338 Ovid.
403 3289 472 3340 Fast
505 3291 528 3352 3,
560 3291 623 3342 528:
670 3294 829 3354 permittebat,
859 3297 949 3342 iactare
976 3297 1069 3349 celitus,
1097 3294 1185 3340 metues

113 3356 281 3418 Laubhiitten,
292 3351 408 3420 σκιάδες,
426 3361 572 3408 umbracula.
589 3386 624 3394 -
674 3377 730 3409 ruer
747 3365 818 3410 'etiam
829 3369 987 3424 unpuentatoe
1006 3362 1061 3408 bene
1075 3374 1187 3421 pugnare

114 3428 214 3476 Lentuli
228 3435 250 3476 et
268 3430 447 3490 nonnullorum,
465 3426 516 3476 und
527 3426 624 3490 einiger
669 3445 740 3490 posse
762 3455 797 3465 —
816 3431 959 3491 tutelaeque
981 3437 1030 3477 teau
1051 3430 1134 3485 cultos,
1159 3435 1187 3476 et

45 3528 72 3558 ,Ἥ
114 3495 227 3544 anderen.
251 3495 276 3543 B.
292 3492 321 3544 G.
332 3496 356 3557 6,
372 3497 414 3557 24,
427 3497 456 3547 2:
470 3499 627 3546 Eratostheni
675 3507 772 3562 argente
790 3507 812 3547 et
829 3513 889 3546 arere
899 3499 984 3558 potatis
995 3499 1071 3545 armis
1081 3503 1186 3559 emeret,

113 3573 136 3614 et
164 3566 307 3628 quibusdem
335 3566 439 3614 Graecae.
492 3564 525 3613 So
559 3563 625 3612 wird
674 3570 747 3616 simut
768 3576 791 3616 et
812 3567 847 3614 ad
866 3567 972 3626 speeiem,
1001 3573 1023 3613 et
1045 3580 1093 3626 quo
1114 3571 1186 3633 'tene-

114 3635 178 3682 utiue
194 3632 329 3682 besonders
347 3631 387 3682 bei
405 3649 458 3682 eum
475 3660 509 3668 -
526 3641 585 3684 tum.
603 3643 625 3683 et
674 3638 748 3683 eierea
767 3649 849 3684 eorum
871 3636 898 3682 in
911 3635 1003 3694 proelio
1027 3642 1102 3682 essent
1124 3641 1188 3682 mdo

114 3727 147 3736 -
165 3711 187 3750 et
203 3701 288 3764 biinlig
311 3701 491 3764 weggelassen.
527 3699 577 3750 Cic.
600 3717 623 3767 p.
674 3705 764 3752 domni.

115 3768 210 3819 Cluent.
228 3772 343 3834 51,140:
358 3787 410 3820 oum
422 3774 625 3830 mahometum
710 3773 733 3823 4.
748 3785 838 3832 paueee
863 3786 931 3820 ruer:
958 3772 979 3830 1,
999 3771 1040 3831 46,
1059 3771 1083 3820 4.
1104 3795 1137 3804 -
1155 3769 1189 3818 ud

114 3841 143 3888 L.
170 3841 254 3889 Crassi
278 3843 441 3888 auctoretatem
467 3855 552 3902 sequor
557 3855 570 3900 ,⁴
598 3838 624 3888 in
675 3855 742 3888 mure
753 3841 871 3900 pervenit
895 3838 941 3888 Die
959 3837 1033 3888 Reise
1051 3838 1094 3886 dos
1112 3835 1186 3884 Pom-

114 3905 187 3955 Verr.
206 3909 229 3969 4,
249 3910 290 3970 66,
312 3909 373 3959 147:
397 3925 450 3957 eum
472 3911 556 3969 multa,
574 3916 625 3957 tum
675 3907 745 3973 peius
775 3907 810 3956 ist
839 3904 996 3956 ausl'dhrlieb
1032 3903 1186 3970 geschildert

114 3979 184 4026 etum
201 3977 293 4026 boemo
307 3980 405 4028 memini
417 3980 500 4028 dicere.
519 4003 552 4011 —
569 3993 625 4026 eon·
675 3976 717 4026 bai
735 3974 800 4026 Plut.
819 3974 902 4041 Pomp.
922 3978 961 4028 73.
