2836 4586
226 243 288 308 120
616 239 658 291 ns
676 239 783 291 nunno
801 238 901 290 crum

223 396 307 458 cahat
322 403 351 457 et
365 396 471 456 iudicia
485 396 516 458 iu
530 397 659 474 privatos
677 394 826 466 reddebat,
847 394 898 472 qui
918 393 1005 454 rerba
1027 401 1115 472 atque
1132 393 1309 454 orationem

224 483 366 542 adversus
380 481 591 559 rempublicam
602 479 788 550 bonumne
803 497 908 540 eorum
921 478 999 540 bona
1009 477 1207 556 inpublicum
1217 477 1309 538 addi-

224 567 316 628 cebat.
346 566 533 632 Provinciam
550 583 669 626 omnem
686 566 718 625 in
734 583 786 625 sua
803 573 831 624 et
844 563 968 641 Pompei
987 563 1076 624 verba
1090 563 1309 624 iusiurandum

194 668 211 718 a
223 651 365 731 adigebat.
393 652 522 730 Cognitis
535 651 571 712 iis
585 651 684 722 rebus
698 667 774 728 quae
795 656 866 710 sunt
882 657 978 726 gestae
991 649 1023 708 in
1039 648 1176 708 citeriore
1192 648 1308 726 Hispa-

225 738 282 809 nia,
300 737 409 797 bellum
431 737 558 814 parabat
586 735 669 797 Ratio
690 742 789 795 autem
810 734 882 794 baec
903 741 964 794 erat
981 732 1057 806 belli,
1078 741 1108 794 ut
1127 751 1159 794 se
1183 751 1262 794 cum
1285 753 1307 792 ιι

114 885 118 894 ,
224 821 388 902 legionibus
405 822 492 882 Gadis
509 823 666 892 conferret,
685 838 774 880 naves
791 821 1036 896 frumentumque
1051 837 1141 878 omne
1162 818 1205 878 ibi
1226 837 1309 878 eon·

224 907 345 979 tineret3
366 907 548 984 provinciam
565 906 643 966 euim
664 923 785 966 omnem
801 903 930 964 Caesaris
952 903 1041 964 rebus
1060 905 1159 963 lavere
1184 921 1308 982 cogno-

225 1000 315 1052 verat.
355 993 389 1051 ln
408 992 503 1052 insula
526 984 674 1051 frumento
696 989 880 1066 navibusque
900 988 1075 1066 comparatis
1095 987 1208 1048 bellum
1234 989 1308 1049 duci

170 1079 172 1088 “
196 1099 211 1148 ι
227 1095 287 1136 non
299 1076 414 1136 difficile
428 1075 616 1136 existimabat.
647 1075 759 1146 Caesar,
774 1074 827 1135 etsi
846 1074 944 1134 multis
961 1073 1196 1151 necessariisque
1208 1073 1307 1134 rebus

225 1163 255 1221 in
271 1161 379 1222 ltaliam
395 1160 594 1232 revocabatur,
608 1168 706 1220 tamen
722 1159 912 1220 constituerat
928 1159 1038 1218 nullam
1052 1166 1164 1236 partem
1181 1158 1255 1218 belli
1275 1160 1306 1218 iu

225 1245 372 1322 Hispaniis
386 1246 561 1323 relinquere,
578 1245 658 1323 quod
677 1263 782 1323 magna
797 1262 862 1304 esse
878 1243 1001 1322 Pompei
1023 1243 1164 1304 beneficia
1186 1251 1216 1304 et
1237 1262 1306 1306 ma·
1378 1309 1379 1316 ¹

226 1347 298 1408 guas
318 1329 463 1390 clientelas
482 1329 513 1389 in
533 1329 666 1390 citeriore
684 1329 834 1407 provincia
856 1328 971 1388 sciebat

314 1412 362 1475 19.
407 1416 509 1492 ltaque
531 1434 553 1474 ιι
576 1414 741 1494 legionibus
763 1413 859 1474 missis
881 1413 912 1474 in
934 1413 1105 1474 ulteriorem
1125 1413 1305 1490 Hispaniam

226 1518 296 1560 cum
312 1499 346 1572 Q.
361 1499 470 1572 dessio,
486 1499 606 1560 tribuno
621 1499 724 1578 plebis,
738 1500 801 1576 ipse
818 1516 886 1558 eum
902 1517 938 1558 nc
955 1497 1101 1576 equitibus
1118 1498 1237 1576 magnis
1253 1499 1304 1560 iti-

226 1584 346 1645 neribus
362 1584 564 1664 praegreditur
577 1584 765 1662 edictumque
781 1582 946 1661 praemittit,
964 1583 999 1642 ad
1023 1600 1114 1660 quam
1136 1582 1216 1644 diem
1235 1602 1304 1644 ma-
1383 1642 1384 1668 p

226 1670 361 1748 gistratus
380 1671 587 1749 principesque
606 1670 740 1730 omnium
758 1669 906 1729 civitatum
928 1667 983 1728 sibi
1004 1686 1069 1728 esse
1085 1676 1203 1744 praesto
1223 1668 1305 1729 Cor·
1384 1709 1385 1736 ,

197 1755 321 1816 adubae
343 1756 436 1815 vellet.
475 1756 541 1827 Quo
572 1754 664 1814 edicto
686 1761 746 1814 tota
770 1753 922 1830 provincia
951 1753 1121 1830 pervulgato
1141 1753 1222 1812 nulla
1247 1755 1306 1814 fuit
1385 1775 1386 1810 ι

226 1840 335 1909 civitas,
361 1840 433 1916 quin
462 1840 498 1898 ad
523 1839 553 1899 id
582 1848 699 1916 tempus
726 1846 838 1916 partem
866 1845 983 1898 senatus
1010 1837 1180 1898 Cordubam
1201 1839 1305 1900 nutu·
1386 1841 1387 1868 ¹

227 1933 281 1996 ret,
294 1941 356 1983 non
373 1923 444 1982 civis
460 1923 612 1983 Romanus
627 1924 713 2001 paulo
738 1923 845 1996 notior,
868 1922 939 2000 quin
959 1921 996 1982 ad
1018 1922 1096 1982 diem
1116 1924 1303 1986 conveniret

226 2067 258 2076 -
282 2039 334 2089 ΙΙΙ
351 2043 419 2089 milia
442 2056 541 2089 numero
566 2043 676 2102 badebat3
693 2039 734 2089 die
785 2046 828 2090 ten
840 2043 952 2105 do,dieo,
968 2043 1052 2090 addire
1069 2039 1218 2090 bezeichnet
1231 2055 1305 2092 wer-
1389 2041 1390 2068 ¹

224 2107 288 2157 zell
306 2108 376 2156 steht
392 2107 418 2156 in
436 2105 592 2173 Apposition.
785 2109 839 2158 den.
863 2111 983 2158 Addsbm
1000 2113 1027 2158 t'n
1037 2111 1161 2169 pullicum
1178 2109 1305 2161 beraut
1390 2109 1391 2130 ¹

260 2179 282 2226 5.
309 2179 399 2225 badum
424 2179 534 2227 reddebat
557 2198 592 2218 a
617 2177 733 2226 dedimam
785 2177 839 2227 also
854 2177 910 2228 bier
923 2177 1046 2239 desselbe,
1060 2191 1114 2226 was
1128 2193 1148 2226 c.
1162 2179 1205 2248 25,
1219 2180 1237 2230 4
1252 2196 1304 2240 pu·

225 2248 299 2305 dam
316 2259 342 2294 es
361 2243 427 2294 wird
444 2260 501 2293 vom
525 2243 618 2294 Priitor
635 2251 733 2308 gesugt,
786 2249 879 2308 btuuro,
899 2243 940 2296 liir
957 2244 1190 2309 Staatseigentbunr
1210 2247 1303 2298 erklii-

225 2313 270 2366 der
289 2311 329 2362 die
346 2309 427 2377 ltlage
452 2313 571 2363 annimmt
594 2313 643 2362 und
662 2313 734 2363 einen
786 2329 844 2376 ren,
876 2312 1030 2364 confisciren.
1061 2341 1094 2349 -
1125 2317 1303 2366 iusiurandum

224 2379 329 2432 Richter
364 2382 426 2432 oder
459 2381 531 2432 einen
572 2379 738 2432 Gericbtsbof
785 2385 907 2448 adtendat:
928 2385 949 2445 1,
968 2385 1010 2446 tc,
1030 2385 1052 2435 3.
1238 2379 1243 2384 ”

225 2448 299 2500 delur
322 2450 436 2501 einsetzt.
470 2453 592 2502 Iudc'ee'um
612 2454 735 2516 mare,
820 2455 844 2503 ’1.
861 2455 1044 2514 mritoque
1060 2453 1137 2501 redut.
1167 2451 1302 2504 Damnter

225 2520 280 2570 eine
307 2517 388 2584 llluge
419 2520 489 2569 nieht
519 2521 664 2570 annebrnen
700 2545 734 2554 -
786 2519 1303 2572 reebnotblomsutnuorediellneute

224 2591 294 2640 eorda
326 2598 397 2651 atque
425 2592 555 2638 mmmmm
590 2591 736 2648 lubusense,
786 2588 831 2638 dcr
845 2591 869 2641 9.
883 2587 978 2652 legion
992 2605 1023 2638 zu
1041 2587 1180 2651 Placentia,
1195 2589 1235 2640 die
1250 2605 1301 2640 von

225 2657 274 2706 wie
296 2655 349 2704 Liv.
365 2659 406 2716 24,
429 2658 468 2718 18,
488 2659 517 2709 4:
531 2661 735 2717 pronuntiarunt,
787 2657 866 2707 Cdsar
883 2657 1043 2721 ilbergangen
1062 2658 1122 2707 oder
1142 2655 1302 2721 ausgelallen

223 2727 295 2774 verba
307 2729 483 2786 orationemque
495 2741 534 2774 eea
546 2729 661 2775 adeum
673 2742 735 2776 nm-
786 2725 830 2775 sei.
849 2725 918 2775 Suet.
931 2725 1002 2775 Caes.
1020 2729 1061 2778 69.
1085 2725 1155 2776 Dccb
1169 2725 1231 2775 felle
1245 2726 1302 2776 die-

219 2794 342 2853 pudb'eam
361 2795 478 2857 hiemes,
496 2793 634 2844 undeerla
651 2795 736 2844 baben
786 2794 863 2853 selbo,
888 2793 938 2844 wie
962 2809 1017 2844 men
1041 2809 1086 2844 eus
1103 2793 1172 2844 Cass.
1190 2795 1237 2845 bio
1258 2798 1302 2858 41,

225 2859 302 2910 allein
320 2859 371 2908 Cic.
390 2860 420 2910 de
445 2859 540 2910 invent.
565 2864 589 2924 2,
614 2865 657 2924 tt,
679 2865 734 2914 140.
788 2865 820 2914 26
838 2879 862 2911 u.
877 2860 938 2928 App.
958 2865 982 2924 2,
1001 2866 1033 2914 47
1051 2862 1127 2925 steht,
1146 2863 1263 2914 offenbar
1276 2864 1302 2914 in

225 2928 257 2978 de
270 2925 341 2977 Orat.
354 2930 379 2990 2,
394 2931 436 2990 tt,
453 2931 507 2982 196.
526 2929 587 2979 Sall.
601 2929 651 2994 lug.
664 2933 689 2993 9,
705 2933 734 2993 43
787 2931 842 2981 cine
860 2932 962 2996 spdtere
983 2929 1041 2980 Zeit
1058 2931 1139 2982 dieses
1157 2931 1256 2982 Jalrres

224 2995 279 3045 also
297 2995 355 3046 lein
367 2995 656 3060 umgas-admoui
673 3015 736 3048 nm·
825 2994 874 3055 19.
907 3002 927 3051 1.
951 3002 1009 3049 elem
1033 3014 1061 3048 so
1085 2998 1151 3050 diter
1176 3015 1226 3054 vou
1242 3001 1302 3051 den

220 3066 350 3125 medum,
365 3063 486 3114 imSinna
499 3065 734 3132 desPompeieners.
786 3066 966 3118 Anliibrenden
989 3068 1136 3131 gebranebt.
1172 3069 1197 3118 B.
1225 3067 1257 3119 G.
1277 3073 1302 3131 5,

225 3159 259 3168 «-
285 3135 412 3183 mbae.
455 3132 599 3198 llerjenige,
625 3135 736 3186 weleber
787 3138 828 3188 38.
846 3151 868 3184 u.
883 3135 911 3185 u.
928 3153 991 3200 que
1009 3153 1063 3186 mm
1080 3140 1192 3187 dumne
1208 3141 1302 3192 lueret

225 3201 266 3251 die
284 3200 347 3250 iuris
365 3201 444 3250 dictio
467 3203 570 3265 ausiibt,
595 3202 665 3266 giebt
688 3204 734 3254 den
787 3231 820 3240 η
834 3208 1026 3267 wmweqed.
1051 3204 1133 3256 Uebcr
1151 3223 1205 3256 aurs
1218 3223 1238 3256 a.
1252 3207 1301 3258 des

224 3269 380 3320 streitenden
403 3269 535 3331 Peneion,
561 3271 681 3321 nacbdem
707 3287 735 3322 er
786 3272 893 3336 Anhang
910 3274 961 3322 und
978 3273 1059 3337 vergi
1078 3289 1108 3324 zu
1129 3277 1151 3334 1,
1165 3277 1207 3337 41,
1224 3277 1248 3327 2.
1268 3303 1301 3312 -

225 3339 265 3390 die
279 3337 359 3389 Sueba
377 3354 432 3389 zum
450 3337 560 3404 Spruche
579 3339 735 3390 verbereitet
785 3345 819 3391 ad
834 3359 906 3405 quam
918 3345 993 3404 diem:
1008 3341 1047 3392 bis
1059 3359 1091 3392 sn
1103 3343 1224 3394 walchen
1236 3342 1302 3408 Τις,

224 3411 277 3470 bet,
291 3407 364 3459 einen
378 3407 482 3458 Richter
502 3409 550 3470 (dat
564 3409 688 3472 dedimam
706 3423 735 3458 er
787 3408 832 3459 anf
842 3410 954 3462 welcben
966 3409 1029 3474 Τις,
1042 3410 1091 3461 wie
1104 3409 1122 3475 ᾗ
1134 3413 1149 3464 2
1160 3416 1194 3461 ad
1204 3415 1234 3462 id
1243 3421 1304 3463 tm·

224 3476 676 3544 spuehtsotanndieuntscheitung
691 3477 734 3528 des
783 3495 837 3540 pua
869 3477 939 3529 ud
961 3481 983 3542 1,
1003 3473 1204 3542 aemalae
1220 3497 1302 3534 mm·

224 3545 589 3598 lliebtersalseineamtlicbe
608 3561 653 3596 uus
670 3547 736 3607 (auu
785 3557 874 3598 taum.
901 3549 925 3609 2,
946 3549 969 3609 5,
990 3549 1018 3599 l:
1037 3551 1158 3611 adm
1182 3552 1207 3611 5,
1229 3551 1251 3612 1,
1271 3551 1303 3602 8:

223 3617 387 3677 mmmmm
409 3629 438 3664 er
463 3615 559 3682 spriebt
576 3614 676 3665 endliclr
695 3614 734 3665 die
787 3617 821 3666 ad
837 3624 924 3666 mcum
939 3619 1003 3666 diem
1021 3631 1045 3666 u.
1068 3619 1089 3666 o

224 3681 340 3746 streitige
363 3682 445 3732 Suebo
473 3683 618 3748 derjeuigen
648 3682 735 3734 Pertci
820 3686 843 3736 2.
862 3688 997 3734 eoam
1013 3684 1054 3735 bei
1068 3684 1140 3736 einer
1153 3684 1301 3736 Verum-

224 3765 264 3811 nu,
277 3750 322 3799 der
338 3750 375 3800 sie
393 3752 456 3800 neeb
471 3753 526 3802 dem
540 3752 735 3818 llicbtersprueh
783 3751 848 3816 lung
864 3752 1006 3814 cinti-elien,
1024 3768 1074 3803 ven
1091 3753 1172 3804 einen
1196 3752 1303 3806 musl-

224 3817 351 3868 zulonnnt
374 3818 486 3879 lautos).
522 3820 555 3869 So
579 3821 647 3870 kann
664 3820 733 3871 aeine
784 3835 832 3870 nu
850 3826 949 3885 guast.
979 3820 1013 3870 So
1031 3823 1096 3871 aucb
1115 3822 1141 3872 Β.
1160 3820 1190 3872 G.
1210 3824 1234 3886 5,
1254 3825 1299 3884 86,

224 3883 635 3951 ganzol'blltigkeltmitdendrei
654 3888 734 3940 Wor·
784 3891 814 3949 23
833 3891 858 3952 6,
877 3891 920 3950 at,
940 3891 964 3942 b.
1049 3925 1052 3932 ·
