2906 4586
228 369 290 434 100
616 367 657 417 nu
676 366 781 418 suune
800 366 899 420 crvru

198 525 345 605 aperites.
362 516 439 586 Nihil
452 525 561 586 herum
576 523 614 584 ad
628 524 772 603 pacandas
790 523 953 602 Hispanias,
976 524 1048 584 nihil
1064 524 1101 585 ed
1120 542 1209 584 usum
1224 542 1299 602 pre·

160 639 167 688 j
228 611 338 672 vinciae
353 610 516 690 previsum,
531 628 606 688 qnae
621 618 742 688 prepter
756 609 976 671 diuturnitatem
992 609 1070 688 pacis
1081 609 1198 670 nullum
1212 611 1301 670 auri-

198 697 301 764 elium
322 695 501 757 desiderarit.
531 695 637 756 Omnia
658 695 730 756 haec
747 695 806 756 iam
825 695 942 774 pridem
961 703 1062 756 centra
1083 713 1115 755 se
1135 695 1245 774 parari:
1267 697 1300 756 iu

227 801 259 846 se
273 781 343 842 nevi
358 781 473 860 generis
489 781 612 859 imperia
626 780 774 854 constitui,
790 789 823 841 ut
836 779 914 842 idem
929 781 1072 858 adportas
1081 780 1202 842 urbanis
1210 799 1302 859 prae·

228 867 319 928 sideat
339 865 430 927 rebus
451 874 480 926 et
499 865 572 927 duas
591 866 825 926 bellicosissimas
839 865 1006 944 provincias
1023 863 1131 926 absens
1150 873 1195 926 tet
1213 867 1303 926 annis

137 961 139 966 '
199 952 372 1024 tebtineat3
393 952 424 1012 in
446 969 477 1012 se
493 952 557 1011 iura
573 953 793 1030 magistratuum
809 951 992 1023 commutari,
1012 968 1050 1011 ne
1067 969 1103 1010 ex
1118 959 1253 1030 praetura
1272 961 1303 1012 et

229 1038 392 1110 consulatu,
411 1046 445 1097 ut
460 1055 586 1115 semper,
604 1037 655 1097 sed
672 1055 726 1114 per
741 1054 852 1114 pancos
865 1036 980 1115 probati
992 1044 1020 1096 et
1034 1036 1115 1096 electi
1129 1036 1160 1098 in
1175 1037 1303 1114 provin—

230 1124 289 1185 cias
304 1124 472 1194 minantum
487 1122 518 1181 in
534 1141 565 1182 se
580 1121 667 1181 etiam
682 1123 781 1182 aetatis
797 1122 1015 1182 excusationem
1024 1121 1096 1182 nihil
1110 1123 1215 1194 valere,
1230 1140 1300 1182 cnm

185 1225 216 1275 1⁰
230 1207 432 1287 superioribus
448 1205 531 1267 bellis
549 1207 663 1285 probati
678 1206 714 1266 ad
728 1207 904 1268 obtinendos
919 1207 1063 1267 exereitus
1075 1216 1251 1280 evocentur3
1267 1207 1300 1266 in

230 1313 261 1354 se
276 1311 338 1354 une
355 1309 416 1353 nen
433 1293 550 1364 servari,
565 1292 645 1370 qued
662 1293 699 1354 sit
713 1293 851 1352 omnibus
865 1292 965 1352 datum
982 1309 1099 1370 semper
1114 1292 1301 1371 imperatori·
1384 1371 1389 1376 q

230 1377 296 1451 bus,
311 1387 345 1440 ut
360 1376 449 1437 rebus
465 1377 586 1438 feliciter
601 1377 687 1456 gestis
703 1387 753 1438 aut
767 1395 834 1437 cum
843 1377 1063 1455 henerealique
1078 1386 1129 1438 aut
1142 1387 1221 1438 certe
1234 1377 1301 1438 sine

187 1475 216 1526 11
230 1463 391 1544 ignominia
412 1462 534 1524 demum
557 1471 741 1524 revertantur
770 1463 990 1540 exercitumque
1020 1462 1173 1524 dimittant
1216 1463 1299 1538 Quae

230 1558 329 1612 tamen
345 1548 444 1610 emnia
462 1556 535 1609 etse
552 1548 651 1610 tulisse
665 1549 808 1626 patienter
825 1557 854 1609 et
869 1566 933 1608 esse
946 1548 1090 1610 laturum:
1105 1566 1203 1626 neque
1218 1566 1301 1608 nunc

230 1634 259 1696 id
273 1653 367 1713 egere,
385 1642 419 1694 ut
434 1633 471 1695 ab
484 1634 539 1694 illis
555 1633 715 1694 abductum
730 1634 890 1696 meretum
906 1633 1088 1711 temetipse,
1103 1633 1184 1712 qued
1198 1643 1297 1694 tamen

141 1717 142 1720 ’
231 1719 286 1781 sibi
300 1719 417 1779 difficile
435 1737 496 1779 nen
512 1719 557 1791 sit,
572 1719 623 1780 sed
641 1738 678 1779 ue
693 1719 734 1780 illi
749 1719 883 1791 habeant,
900 1736 960 1797 quc
976 1719 1166 1779 cennaseuti
1174 1719 1301 1797 possint

265 1905 289 1957 6.
307 1908 333 1954 s'n
349 1922 381 1967 es,
398 1903 447 1954 wie
466 1901 483 1968 6
500 1905 515 1956 9
531 1903 643 1954 oll'eubar
656 1905 739 1954 Aecu-
790 1902 817 1953 la
840 1903 933 1954 diesem
951 1902 1021 1954 neue
1038 1918 1094 1954 wer
1117 1919 1138 1953 ι.
1156 1904 1182 1953 ll.
1200 1903 1298 1967 (licere,

230 1973 298 2023 sativ
326 1996 361 2014 =
389 1983 471 2022 santra
501 1990 526 2022 ae
548 1970 606 2036 §e
641 1972 738 2024 Auders
788 1973 834 2022 der
847 1974 908 2022 sehr
920 1987 1000 2037 gesen
1012 1972 1096 2023 seineu
1108 1971 1207 2024 Willerr
1221 1973 1302 2022 demit

230 2039 373 2105 usehhsr§
393 2042 424 2093 10
441 2045 468 2091 e'n
481 2058 506 2090 ee
524 2057 581 2104 une,
601 2041 651 2091 wie
668 2042 694 2091 B.
708 2040 738 2092 G.
788 2040 934 2106 beaultmgt
963 2041 1058 2103 wurde,
1091 2041 1118 2091 iu
1147 2041 1300 2107 Campanieu

231 2112 255 2173 2,
274 2111 315 2171 32,
334 2111 363 2161 2:
386 2113 451 2172 qued
473 2113 500 2158 ies
517 2113 616 2159 Nerviis
632 2112 738 2174 fessam.
787 2108 903 2176 Trnppen
920 2109 1084 2160 euszuhebeu.
1119 2109 1177 2174 Vgl.
1196 2110 1300 2160 Cicsd

231 2204 264 2214 —
293 2180 393 2229 sarlam's
415 2181 553 2240 praesideat
579 2181 661 2230 redere:
697 2179 738 2228 die
787 2178 842 2227 Ate.
861 2181 884 2241 1,
905 2181 945 2241 11,
964 2181 994 2240 53
1012 2179 1166 2242 7,111),5;
1185 2183 1209 2242 7,
1229 2182 1297 2241 ⁷‚42

229 2245 457 2312 Angelsgealreiteu
477 2245 552 2297 lloms
575 2248 652 2298 durch
669 2247 738 2298 selue
787 2265 802 2297 a
835 2251 917 2298 melles
954 2250 1026 2297 audie
1067 2253 1218 2300 medanam
1251 2263 1302 2298 esse

231 2313 382 2382 Gegenwsrt
403 2316 561 2366 beherrecle.
596 2316 621 2366 S.
638 2331 659 2365 6.
678 2319 702 2378 2,
722 2319 737 2368 3
787 2319 897 2376 Pompeia
913 2325 935 2366 et
954 2321 1005 2366 eise
1023 2321 1120 2366 comte
1146 2321 1173 2366 in
1189 2319 1300 2367 sentem

230 2385 280 2434 und
316 2384 357 2434 die
390 2383 542 2448 Einleitung.
593 2383 736 2451 Nipperdey
787 2399 824 2434 ess
839 2391 943 2449 meme,
968 2387 1034 2448 quad
1048 2389 1174 2447 imperem
1191 2388 1299 2436 ladam.

230 2452 371 2518 vergleiclrt
387 2453 477 2505 Vellei.
502 2457 527 2515 2,
546 2454 586 2515 48,
608 2455 634 2505 1:
668 2457 738 2524 lem-
787 2455 821 2503 ld
856 2464 889 2504 eet
921 2449 1115 2521 Ἀβδηριτικόν.
1149 2457 1200 2505 Nee
1233 2459 1296 2504 enin

225 2527 297 2584 peius
307 2525 440 2584 meamea
453 2525 500 2572 eihs·
518 2525 614 2572 deam
631 2527 739 2573 caluerat
785 2532 882 2572 senatus
905 2525 1005 2574 meree
1028 2539 1070 2572 ees
1090 2528 1194 2585 papatus
1217 2525 1296 2582 cessit,

229 2609 314 2656 easque
330 2595 412 2642 666666
429 2595 480 2653 e'psc
502 2600 523 2641 sl
544 2595 737 2653 praesidens
787 2607 825 2640 ees
843 2595 968 2652 imperium
986 2594 1114 2642 endiadis
1131 2594 1223 2642 haene.
1252 2593 1298 2642 se

230 2664 303 2710 arde'
325 2677 373 2722 pes·
400 2662 538 2724 Messium
569 2669 590 2709 et
617 2663 738 2710 Petreium
787 2662 829 2709 leae
845 2663 976 2722 respublica
1000 2664 1035 2709 ad
1055 2663 1192 2722 Pompeium
1212 2661 1300 2723 desert,

228 2731 458 2780 semanimem.—
465 2738 498 2778 tet
513 2731 597 2776 annis:
614 2726 665 2780 scit
683 2729 737 2778 dem
787 2732 832 2792 qui
846 2746 882 2778 me
893 2734 969 2793 mepte
981 2745 1053 2792 quase
1061 2734 1183 2790 precam
1193 2733 1298 2794 aliqum

228 2797 250 2845 J.
270 2800 309 2849 56.
344 2795 424 2846 [leber
446 2797 493 2846 den
516 2794 600 2846 Ablata
624 2812 644 2846 s.
667 2813 697 2846 zu
715 2813 736 2846 c.
787 2800 882 2848 mittat?
917 2798 1015 2862 Itaque,
1046 2804 1069 2848 si
1097 2802 1140 2848 laec
1169 2802 1298 2860 imperem

231 2868 271 2926 46,
294 2866 314 2915 1.
787 2869 848 2915 me'lei
868 2869 990 2916 molestum
1011 2871 1072 2931 eret,
1096 2878 1154 2918 etas
1175 2885 1203 2916 ea
1216 2877 1297 2928 perta,

264 2936 288 2986 9.
311 2936 367 2982 s'eera
385 2936 567 2998 mmeramme
585 2938 736 2982 commutari:
787 2951 860 2997 quam
878 2938 987 2996 primam
1007 2939 1096 2986 sidere.
1132 2933 1297 2986 Gewdlralicls

229 3017 250 3050 s.
267 3015 298 3050 aa
316 3016 336 3050 e.
354 3003 379 3064 6,
399 3003 422 3052 5.
439 3027 472 3036 -
485 3019 531 3063 per
538 3018 641 3063 pasees:
660 3001 737 3050 durch
786 3003 901 3053 verstelrt
918 3017 975 3054 man
989 3010 1063 3054 anter
1076 3007 1176 3067 probati
1185 3004 1297 3055 Vetera-

230 3069 270 3119 die
287 3068 518 3136 Optimateupertei.
552 3069 596 3120 Bei
614 3070 668 3119 dem
686 3068 736 3120 Ge·
788 3086 849 3134 nen,
879 3073 944 3120 deun
968 3088 1058 3138 passeu
1080 3073 1141 3123 eber
1163 3073 1233 3122 uielrt
1255 3071 1296 3123 die

229 3144 296 3201 sets,
321 3135 366 3188 sul
384 3139 429 3189 das
447 3138 530 3188 Cllsar
546 3138 603 3188 hier
619 3138 735 3204 suspicit,
788 3139 880 3190 Werte
896 3144 930 3190 ad
948 3144 1085 3192 ebteeendoe
1101 3147 1224 3203 semelem,
1245 3141 1296 3190 und

229 3206 321 3256 karante
332 3207 533 3270 dieVerleilmng
546 3205 737 3257 derPrevinzeu
788 3207 845 3258 dass
876 3209 1020 3260 Veternuen
1053 3210 1149 3260 wieder
1183 3225 1214 3260 an
1248 3209 1295 3258 deu

228 3276 299 3326 mehr
315 3277 379 3326 nacla
397 3276 452 3325 dem
465 3275 581 3326 Belielren
593 3277 636 3324 des
645 3276 735 3326 Seusts
785 3275 889 3326 Fahnen
907 3275 1010 3340 gemlen
1027 3281 1140 3339 werden,
1158 3293 1214 3328 wer
1231 3279 1295 3327 such

228 3346 380 3408 geschelren‚
405 3344 443 3395 als
466 3347 529 3394 nacla
546 3345 600 3394 dem
618 3341 735 3394 lriilrereu
785 3359 814 3394 ec
831 3346 1000 3410 gew'dhalicla,
1026 3349 1083 3398 dass
1106 3348 1170 3397 cline
1187 3344 1293 3396 Zweilel

228 3412 377 3465 Verluhren.
396 3439 431 3450 -—
453 3417 536 3465 aetatis
558 3417 736 3474 excreationem,
786 3413 866 3464 Ciisur
882 3415 961 3465 selbst
979 3415 1043 3466 viele
1060 3421 1148 3467 esocen
1163 3415 1189 3464 iu
1211 3415 1295 3466 seiuer

227 3482 277 3534 wie
293 3487 362 3534 cenea
370 3486 461 3533 males.
479 3481 504 3532 S.
522 3483 546 3544 3,
565 3483 651 3544 20,.3;
668 3482 695 3531 B.
705 3480 734 3532 G.
785 3482 875 3533 Armes
893 3484 972 3534 hatte.

228 3553 252 3614 8,
279 3554 319 3615 12,
343 3555 373 3615 63
396 3551 481 3602 ebend
507 3548 589 3600 Pruel.
613 3548 630 3614 ᾖ
657 3553 677 3602 1.
707 3578 734 3586 -
822 3555 861 3604 16.
878 3562 905 3602 ee
922 3581 955 3590 —
971 3557 1142 3615 exercitamque
1166 3555 1293 3602 dimicant.

226 3624 296 3670 eriam
318 3646 352 3656 —
376 3625 439 3670 nihil
465 3643 496 3662 ε
523 3636 552 3668 se
567 3645 602 3656 ··-
626 3622 734 3683 quidem:
785 3619 938 3684 Feldlrerrn‚
957 3621 1052 3671 welche
1069 3620 1141 3670 einen
1158 3620 1296 3670 bedeuten-

226 3703 246 3736 s.
271 3688 334 3737 eheu
356 3704 388 3738 an
411 3687 469 3754 62.
487 3714 521 3724 -
538 3705 590 3738 sam
607 3705 657 3749 sup.
683 3691 735 3738 dell.
786 3687 1293 3754 denllriegsiegreichlreendigthatten,

221 3759 331 3817 predati:
366 3755 402 3805 Er
424 3756 501 3807 meiat
528 3756 567 3806 die
580 3762 735 3818 proconsules
785 3758 871 3806 warde
902 3759 1059 3821 gewdhnliclr
1088 3764 1223 3822 gestettet,
1253 3757 1294 3806 ihr

225 3827 259 3874 ad
274 3827 355 3874 erlem
372 3825 401 3884 (c.
420 3828 443 3887 5,
463 3829 478 3877 3
497 3826 546 3875 und
563 3841 584 3874 c
602 3829 626 3889 6,
640 3826 675 3888 7),
693 3826 734 3876 die
785 3826 850 3876 Heer
862 3826 887 3874 iu
898 3826 937 3877 die
947 3824 1294 3888 lleimathzuriickzulrilrren,

225 3891 271 3941 mit
301 3892 381 3942 Reeht
412 3891 544 3957 Belreiung
573 3909 621 3943 ven
655 3893 734 3944 ihrem
784 3894 830 3943 mit
847 3895 987 3946 demselben
1004 3896 1036 3946 im
1054 3895 1173 3961 Triumpla
1191 3895 1216 3943 in
1230 3894 1293 3943 llam

225 3959 356 4026 Imperium
364 3963 498 4026 verlungen
508 3962 618 4012 kenuten
626 3963 675 4010 uad
684 3979 733 4012 nun
784 3963 942 4014 einzuzichen
960 3966 1010 4014 und
1027 3967 1092 4014 darm
1117 3965 1230 4014 desselbe
1248 3964 1293 4012 mit

226 4029 388 4079 Commendas
416 4031 580 4079 iiberuehmeu
615 4036 733 4080 maestes.
783 4033 883 4084 reicheu
906 4034 1081 4098 Belelruuugen
1104 4049 1135 4083 zu
1158 4031 1292 4083 eutlesseu.
