2906 4586
619 351 636 402 1.
656 353 740 404 69-1
745 354 766 404 1.
1186 349 1227 415 87

155 514 196 579 ut„
219 505 243 566 si
266 505 380 584 priores
399 513 523 579 montes,
547 524 622 584 quos
637 506 782 585 petebant,
801 506 970 586 attigissent,
988 505 1044 584 ipsi
1060 505 1227 586 periculum

155 590 289 663 vitarent,
304 590 514 670 impedimenta
529 591 617 652 totius
634 592 779 653 exercitus
796 591 992 669 cohortesque
1009 591 1157 651 incastris
1177 610 1227 651 re-

154 675 237 736 lictas
251 693 369 736 servare
384 693 446 735 non
469 683 606 754 possent3
629 675 738 755 quibus
758 675 925 737 interclusis
949 675 1079 735 exercitu
1098 675 1228 737 Caesaris
1255 713 1258 720 Α

155 760 296 820 auxilium
314 761 385 820 ferri
406 759 486 820 nulla
505 761 618 822 ratione
638 770 763 839 poterat.
787 761 929 822 =Contecit
947 760 1029 838 prior
1048 760 1103 820 iter
1125 760 1256 821 Cassera

155 853 242 922 atque
257 863 293 905 ex
310 845 422 924 magnis
438 844 563 922 rupibus
585 854 688 906 nactus
702 845 858 924 planiciem
879 845 910 905 in
925 845 979 905 hac
994 853 1096 905 contra
1112 845 1228 906 hostem

156 929 248 989 aciem
269 929 397 990 instruit.
431 930 580 1002 Afranius,
602 949 671 991 oum
693 930 729 990 ab
752 931 882 1009 equitatu
904 929 1100 990 novissimum
1122 947 1228 1008 agmen

155 1023 355 1092 premeretur,
384 1023 451 1075 ante
479 1033 511 1078 se
540 1015 656 1076 hostem
677 1015 804 1087 videret,
831 1015 934 1075 collem
957 1014 1104 1093 quendam
1124 1021 1227 1074 nactus

154 1097 195 1158 ibi
217 1099 354 1160 constitit.
397 1099 441 1160 Ex
461 1117 495 1159 eo
517 1100 584 1160 loco
607 1118 654 1160 un
679 1108 856 1161 cetratorum
880 1099 1010 1160 cohortis
1032 1099 1257 1174 in,montem,t

155 1183 208 1260 qui
229 1191 291 1244 erat
309 1183 341 1246 in
355 1193 516 1262 conspectu
531 1185 666 1245 omnium
682 1185 907 1256 excelsissimus,
927 1184 1021 1245 mittit.
1053 1183 1141 1244 Hunc
1162 1201 1226 1244 ma·
1274 1187 1280 1199 “

155 1285 213 1345 gno
237 1285 326 1328 cursu
344 1269 503 1330 concitatos
518 1269 600 1330 iubet
614 1288 768 1349 occupare,
791 1288 826 1330 eo
842 1269 973 1341 consilio,
988 1268 1032 1329 uti
1045 1269 1108 1346 ipse
1122 1268 1228 1328 eodem

155 1351 295 1412 omnibus
314 1353 405 1431 copiis
426 1354 617 1414 contenderet
640 1363 668 1414 et
689 1362 801 1416 mutato
823 1354 926 1415 itinere
955 1353 1030 1432 iugis
1053 1353 1228 1432 Octogesam

153 1436 331 1514 perveniret.
360 1436 449 1496 Hnnc
464 1455 533 1498 cum
548 1437 668 1517 obliquo
682 1439 785 1499 itinere
802 1439 901 1499 cetrati
917 1445 1059 1517 peterent,
1073 1438 1227 1516 conspica—
1253 1488 1255 1492 .

152 1529 204 1580 tus
219 1519 366 1598 equitatus
380 1521 511 1582 Caesaris
525 1522 557 1581 in
578 1523 709 1582 cohortis
731 1523 875 1601 impetum
897 1523 981 1594 tecit3
1001 1540 1056 1582 nec
1075 1523 1227 1582 minimam

153 1613 269 1683 partem
286 1605 427 1684 temporis
442 1606 575 1685 equitum
589 1607 649 1667 vim
666 1607 766 1667 cetrati
780 1607 925 1668 sustinere
935 1613 1096 1685 potuerunt
1106 1624 1228 1666 omnes-

155 1707 213 1766 que
235 1689 271 1749 ab
293 1691 334 1750 eis
356 1690 549 1752 circumventi
570 1692 602 1752 in
624 1700 785 1770 conspectu
800 1691 955 1770 utriusque
971 1690 1116 1751 exercitus
1133 1691 1227 1751 inter—

155 1773 304 1834 ficiuntur.

241 1855 290 1920 11.
309 1859 378 1919 Erat
401 1860 515 1920 occasio
536 1859 612 1920 bene
634 1859 778 1937 gerendae
799 1858 851 1918 rei.
892 1859 994 1937 Neque
1016 1877 1086 1918 vero
1109 1858 1228 1921 11044-

157 1960 249 2004 sarem
267 1943 404 2023 fugiebat,
426 1953 505 2007 tanto
523 1944 579 2006 sub
596 1943 688 2006 oculis
702 1951 821 2022 accepto
839 1943 1014 2004 detrimento
1038 1944 1228 2022 perterritum

158 2027 315 2088 exercitum
330 2030 475 2090 sustinere
489 2047 551 2089 non
565 2048 663 2108 posse,
679 2028 851 2108 praesertim
863 2027 1078 2089 circumdatum
1095 2029 1227 2109 undique

156 2112 293 2188 equitatu,
309 2131 378 2174 cum
391 2115 423 2175 in
437 2115 502 2176 loco
518 2133 613 2194 aequo
629 2122 717 2193 atque
730 2122 831 2191 aperto
847 2113 1071 2192 confligeretur:
1086 2112 1176 2193 idque
1190 2133 1226 2174 ex

154 2277 239 2329 Sciten
263 2279 498 2343 Schwierigkeiten‚
525 2295 553 2329 so
576 2295 664 2331 waren
716 2295 763 2344 gen
781 2281 958 2343 musste‚'und
981 2281 1007 2329 in
1025 2281 1227 2332 unmittetbarem

154 2347 218 2396 (loch
236 2348 276 2398 die
293 2346 447 2398 Afranianer
469 2347 495 2394 in
514 2347 664 2398 offeubarcm
716 2349 852 2397 Auschluss
876 2363 908 2396 an
933 2348 1073 2398 dieselben:
1103 2364 1148 2398 aus
1179 2351 1227 2400 144

152 2415 297 2479 Nachtheil‚
310 2415 390 2466 selbst
409 2429 482 2464 wenn
500 2414 537 2464 sie
555 2416 616 2465 cher
633 2431 664 2464 zu
716 2413 807 2466 Felsen
824 2417 1041 2477 herausgetreton.
1072 2415 1096 2465 S.
1116 2419 1140 2478 3,
1153 2419 1178 2479 2,
1198 2417 1227 2468 3:

152 2483 200 2533 144
226 2482 313 2533 Η111444
338 2483 479 2547 gelungten.
498 2509 531 2518 —
549 2487 665 2544 1441444.
715 2487 798 2546 procia
820 2492 963 2532 amtumnua
987 2487 1014 2532 m
1033 2486 1130 2544 Apulia
1146 2511 1181 2522 -
1199 2501 1229 2534 ec

152 2555 265 2615 vitarent,
290 2551 347 2600 dass
372 2549 417 2612 sio,
442 2563 515 2598 werin
539 2550 575 2600 sie
601 2551 665 2600 auch
717 2553 882 2614 saluberrimis
905 2552 999 2601 caune
1022 2553 1159 2615 ropionibus
1178 2568 1227 2602 om·

152 2619 234 2669 scibat
251 2619 298 2668 dor
315 2615 410 2668 Goiabr
433 2616 576 2681 entgingem
601 2618 664 2668 doch
716 2635 770 2669 4444
791 2621 920 2670 excretum
949 2621 1083 2670 4414141144
1105 2629 1228 2680 temptave-

152 2704 176 2737 4.
195 2702 215 2737 s.
227 2702 259 2737 w.
291 2685 664 2749 SowirdhiiufigeinNeben-
715 2697 762 2737 rat.
791 2689 816 2750 2,
839 2688 1083 2749 141444114444
1101 2690 1227 2739 labore-

154 2753 664 2820 54144141444Η4441341441444444·
716 2760 791 2820 qut'etc'
806 2773 832 2806 ae
848 2759 954 2807 dcds'aect.
995 2755 1074 2807 Nicht
1090 2755 1181 2806 anders
1199 2773 1229 2806 ec

153 2823 244 2886 ‹linirt3
263 2840 284 2873 z.
305 2820 527 2898 4111441144.
548 2825 570 2886 1,
589 2827 614 2887 1,
634 2826 663 2876 8:
710 2834 830 2886 praetura
851 2827 873 2887 1,
895 2826 934 2886 14,
953 2826 976 2876 4.

152 2909 222 2957 quem
238 2893 317 2943 comm
335 2895 375 2942 oua
396 2908 445 2942 eaac
469 2895 497 2942 in
509 2895 664 2955 principibus
750 2896 773 2946 4.
790 2909 876 2958 mopso
892 2909 965 2943 cursu
989 2895 1128 2944 amenta:
1145 2908 1165 2943 4
1185 2895 1226 2956 19,

146 2962 226 3025 faesio
245 2971 301 3012 sunt
312 2963 388 3024 pacat,
403 2964 497 3011 4441444
512 2963 585 3012 altius
603 2971 664 3012 44414
715 2963 744 3014 44
767 2965 862 3012 incitati
884 2977 965 3011 44444.
983 2987 1016 2998 -
1040 2964 1113 3024 iupis,
1137 2960 1186 3011 wie
1205 2977 1225 3010 c.

152 3033 281 3080 4414444441
306 3034 370 3079 statt
393 3045 536 3093 qomuqm
565 3046 614 3080 coac
636 3033 664 3080 iu
715 3032 756 3092 to,
772 3032 799 3082 1:
817 3033 855 3080 his
864 3032 987 3092 pontibus.
1016 3029 1041 3079 B.
1056 3027 1085 3079 G.
1100 3032 1124 3093 1,
1137 3033 1180 3092 45,
1196 3033 1225 3082 5:

147 3096 300 3160 praestitibus
315 3099 394 3161 facila
413 3107 469 3148 aunt
480 3102 559 3162 pacat.
714 3101 792 3148 eodem
809 3102 864 3164 iugo
882 3101 961 3149 mittit.

189 3167 619 3231 3.Uonseu't-c'mtms't:c.65.
641 3168 662 3218 1.
751 3162 802 3224 71.
836 3169 857 3218 1.
882 3170 965 3230 Neque
981 3181 1051 3216 uero:
1068 3164 1119 3215 441
1137 3165 1163 3214 in
1181 3165 1226 3214 der

153 3233 233 3284 Ctisar
258 3235 332 3284 stand
354 3233 422 3298 jetzt
448 3234 574 3285 zwischen
607 3235 663 3286 dem
714 3233 781 3284 That
804 3234 881 3285 nicht.
917 3233 941 3285 S.
970 3233 1089 3300 Seyffert,
1119 3232 1226 3284 Scholae

152 3301 264 3370 Engpass
288 3303 338 3352 und
365 3303 420 3353 dem
443 3302 545 3354 Peinde.
589 3299 662 3353 Scine
715 3301 770 3352 Lot.
788 3300 806 3352 Ι.
824 3319 846 3369 p.
858 3305 905 3366 21.
929 3331 962 3339 -—
980 3305 1008 3352 ut
1029 3303 1077 3352 144
1094 3299 1227 3365 folgenden

152 3369 385 3435 Sublachtordnung
403 3386 459 3421 war
485 3370 568 3421 Ilerda
585 3386 662 3435 zuge-
714 3371 774 3420 Satz
803 3371 984 3435 ankiindigend.
1014 3398 1047 3407 -
1077 3372 1120 3420 441
1153 3373 1227 3420 omlis

151 3439 234 3503 14441,
258 3439 380 3489 wibrend
403 3439 471 3490 scine
495 3437 583 3489 Rciter
611 3454 662 3488 von
714 3439 840 3489 natiirlich
864 3455 912 3489 nur
938 3443 1054 3491 emotus
1076 3438 1224 3501 Afraniani,

152 3509 198 3558 der
212 3507 281 3558 Seite
293 3523 344 3558 von
361 3505 443 3558 Ilerda
462 3509 508 3558 her
525 3507 573 3556 144
583 3505 663 3558 114141
715 3508 786 3558 nicht
819 3510 862 3559 sub
907 3524 940 3558 oc.
981 3509 1127 3568 omnium,
1162 3505 1227 3554 noch
1317 3563 1320 3572 1

151 3575 315 3640 bodriingten.
351 3575 384 3625 Sc
407 3575 475 3626 blieb
499 3574 591 3625 diesem
617 3591 664 3625 nur
715 3576 952 3640 wenigeranaaria.
968 3576 1130 3624 -austa‘ncre
1147 3572 1226 3623 absol.

152 3643 332 3708 1444144445,
357 3645 422 3694 nach
444 3643 527 3694 Siiden
550 3643 588 3693 ins
612 3642 664 3694 Ge·
715 3643 765 3694 wie
793 3659 814 3694 o.
840 3647 881 3707 64,
901 3647 924 3696 5.
943 3671 975 3678 -
994 3657 1047 3693 euos
1065 3668 1098 3678 —
1116 3643 1226 3708 constipe-

152 3713 223 3777 birge
242 3713 295 3763 sich
313 3729 345 3762 zu
369 3710 466 3762 werten
484 3712 534 3762 und
554 3710 664 3762 441144
715 3722 795 3763 retur:
813 3727 888 3762 wenn
906 3709 952 3762 441
961 3711 1062 3762 ebonem
1074 3711 1125 3761 441
1137 3707 1225 3760 froiam

151 3779 238 3831 1111444
256 3780 382 3845 Octogesa
405 3796 436 3831 zu
454 3780 593 3845 gewinnen.
631 3779 666 3830 Er
715 3778 793 3830 retae
823 3780 876 3843 1144·
907 3796 927 3830 c.
958 3783 1005 3843 to,
1035 3781 1050 3831 3
1077 3779 1226 3829 erwiihnteu

152 3850 288 3900 versuchte
312 3864 348 3912 es,
372 3849 433 3899 aber
457 3847 612 3913 vergoblich.
631 3875 664 3886 -κ
710 3850 838 3912 phamas)
867 3847 997 3916 gekiimpft
1019 3847 1114 3911 wirto,
1137 3847 1226 3898 sobald

151 3935 181 3968 ec
197 3923 291 3983 maguis
309 3920 424 3979 rupibus:
441 3933 490 3966 von
509 3917 556 3967 144
573 3915 665 3968 Felsen
716 3917 761 3967 der
777 3915 856 3968 Feind
874 3917 1004 3981 gentithigt
1015 3917 1095 3980 witra,
1113 3931 1162 3965 von
1181 3916 1227 3963 der

152 4001 205 4050 aus,
219 3987 297 4036 durch
309 3986 349 4036 dic
362 4000 390 4037 er
402 3987 466 4036 nach
476 4001 496 4036 c.
510 3987 551 4050 68,
565 3989 580 4038 2
594 3985 665 4035 (trin-
716 3983 793 4048 none,
812 3983 858 4035 441
873 3986 917 4036 der
934 4001 963 4036 er
980 3985 1034 4036 sich
1052 3983 1226 4034 voraussicbt-
