2880 4612
233 327 298 392 240
631 325 674 375 ou
692 325 798 375 annno
816 323 917 377 crium

233 481 403 560 Amphipoli
417 481 582 558 hospitibus
598 488 626 540 ot
640 481 765 557 pecunia
786 479 822 540 ad
842 478 1025 539 necessarios
1045 486 1186 556 sumptus·
1205 496 1312 537 corro-

234 575 296 646 gata
315 565 432 645 cognito
456 565 585 626 Caesaris
608 565 736 625 adventu
758 582 794 623 ex
815 583 849 624 eo
869 565 935 623 loco
955 563 1087 624 discessit
1109 573 1137 623 et
1156 563 1311 642 Mytilenas

203 652 335 730 5paucis
359 651 462 710 diebus
483 651 571 710 venit.
616 650 745 721 Biduum
773 656 944 727 tempestate
974 656 1107 708 retentus
1125 647 1313 726 navibusque

233 737 295 797 aliis
317 736 421 797 additis
444 735 578 796 actuariis
605 735 637 794 in
659 734 785 795 Ciliciam
811 742 899 811 atque
925 733 994 794 inde
1016 733 1147 810 Cyprum
1167 733 1313 810 pervenit.

202 821 276 884 olbi
308 821 460 900 cognoscit
501 837 649 880 consensu
692 819 828 879 omnium
856 818 1101 878 Antiochensium
1142 818 1313 896 civiumque

232 907 447 978 Romanorum,
468 907 518 983 qui
539 905 597 964 illio
620 905 847 982 negotiarentur,
867 921 964 964 arcem
985 910 1099 982 captam
1121 920 1185 962 esse
1207 903 1312 962 exclu-

65 1022 67 1027 ·
161 1039 164 1042 .
233 991 323 1050 dendi
346 991 392 1052 sui
411 1009 499 1051 causa
521 989 701 1067 nuntiosque
721 989 859 1048 dimissos
884 988 920 1048 ad
946 1007 1020 1060 eos,
1040 988 1092 1065 qui
1123 1006 1154 1047 se
1184 990 1314 1065 exsuge

231 1077 264 1134 in
279 1075 416 1136 finitimas
433 1075 560 1136 civitates
575 1074 722 1151 recepisse
738 1074 915 1145 dicerentur,
934 1090 971 1133 ne
979 1073 1164 1133 Antiochiam
1181 1073 1312 1134 adirent:

203 1161 262 1220 ‘lid
285 1161 309 1221 si
330 1161 483 1232 fecissent,
508 1177 614 1237 magno
638 1177 743 1218 eorum
764 1159 865 1236 capitis
886 1158 1017 1237 periculo
1041 1160 1184 1220 futurum.
1228 1157 1313 1217 Idem

233 1245 290 1306 hoc
303 1245 336 1305 L.
353 1245 489 1315 Lentulo,
512 1245 563 1322 qui
578 1243 732 1321 superiore
747 1261 826 1302 anno
844 1243 950 1303 consul
966 1244 1070 1314 fuerat,
1092 1251 1120 1302 et
1133 1241 1166 1302 P.
1183 1243 1310 1302 Lenttdo

232 1331 381 1389 consulari
402 1348 435 1388 ao
456 1328 607 1389 nonnullis
628 1328 690 1388 aliis
712 1328 856 1388 acciderat
876 1327 990 1399 Rhodi3
1021 1328 1072 1405 qui
1095 1345 1163 1388 curn
1185 1345 1221 1388 ex
1241 1327 1316 1406 luga
1366 1375 1390 1409 ζ

231 1414 408 1493 Pompeium
432 1421 627 1492 sequerentur
646 1420 733 1490 atque
757 1413 789 1473 in
810 1413 937 1472 insulam
960 1413 1124 1485 venissent,
1148 1412 1258 1491 oppido
1277 1430 1312 1472 ac

232 1508 322 1576 portu
344 1499 453 1576 recepti
476 1517 538 1558 non
562 1506 645 1558 erant
667 1498 823 1576 missisque
846 1497 882 1556 ad
913 1516 965 1558 eos
987 1497 1114 1569 nuntiiS,
1142 1504 1175 1556 ut
1201 1515 1237 1557 ex
1264 1497 1335 1557 bis-

231 1583 304 1644 loois
334 1584 534 1656 discederent,
567 1591 674 1655 ¹contra
702 1583 881 1642 voluntatem
910 1600 995 1642 suam
1024 1600 1114 1642 naves
1149 1582 1311 1642 solverunt

201 1669 352 1748 Slamt'yue
372 1669 408 1729 de
427 1668 556 1728 Caesaris
581 1667 708 1728 adventu
732 1671 809 1727 sama
828 1666 863 1726 ad
886 1666 1014 1728 civitates
1033 1666 1246 1744 perferebatur.

320 1752 389 1818 103.
427 1753 541 1826 Quibus
561 1753 684 1830 cognitis
706 1751 795 1812 rebus
817 1751 978 1828 Pompeius
1002 1751 1135 1830 deposito
1159 1751 1312 1812 adeundae

233 1839 334 1918 Syriae
357 1838 480 1899 consilio
502 1838 627 1915 pecunia
642 1837 786 1898 societatis
800 1835 911 1896 sublata
927 1845 955 1897 et
969 1837 1176 1914 aquibusdam
1191 1837 1313 1915 privatis

233 1931 350 2001 sumpta
373 1931 401 1984 et
422 1923 497 1983 aeris
521 1941 627 2001 magno
650 1922 782 2000 pondere
802 1921 838 1980 ad
859 1921 1013 1981 militarem
1042 1939 1130 1981 usum
1157 1922 1189 1982 in
1216 1939 1310 1984 naves

232 2008 370 2085 imposito
393 2006 571 2084 duobusque
588 2006 706 2066 milibus
721 2006 879 2066 hominum
900 2006 1026 2078 armatis,
1048 2007 1155 2084 partim
1178 2025 1254 2084 quos
1275 2025 1312 2066 ex

233 2091 349 2152 lanuliis
371 2091 543 2152 societatum
566 2091 725 2168 delegerat,
748 2090 854 2169 partim
878 2109 894 2150 a
914 2090 1143 2170 negotiatoribus
1166 2097 1312 2170 coegerat,

233 2193 368 2254 quosque
397 2193 433 2234 er
459 2175 520 2234 suis
550 2175 675 2253 quisque
704 2175 739 2235 ad
769 2175 845 2236 hanc
874 2194 937 2235 rem
967 2175 1090 2236 idoneos
1121 2175 1313 2250 existimabat,

200 2259 384 2321 uPelusium
407 2260 548 2345 pervenit.
579 2259 624 2320 lbi
646 2279 715 2321 casu
737 2279 790 2320 rer
812 2269 874 2320 erat
894 2260 1091 2332 Ptolomaeus,
1114 2279 1189 2338 puer
1211 2269 1312 2334 aetate,

231 2465 258 2510 in
275 2463 370 2510 ancoris
387 2464 548 2511 constiterunt.
566 2461 591 2509 n
611 2459 640 2510 G.
660 2465 683 2524 4,
704 2463 745 2525 23,
797 2461 906 2511 werden.
942 2461 1000 2525 Vgl.
1018 2462 1044 2511 B.
1064 2460 1093 2512 G.
1112 2465 1136 2524 2,
1159 2464 1181 2524 1,
1201 2465 1230 2528 3.³
1248 2466 1316 2527 quod

231 2533 261 2581 4:
276 2534 312 2600 'in
333 2534 429 2580 encore}
451 2533 597 2590 exspectavit.
616 2556 648 2564 -
665 2532 747 2592 Myti-
797 2533 826 2578 ab
855 2534 979 2580 nonnullis
1008 2532 1085 2581 aaut
1115 2533 1310 2599 collimlcrentur,

231 2602 296 2648 leuco
322 2601 392 2648 vend.
428 2597 535 2646 Dorthin
563 2599 633 2646 batte
660 2612 688 2646 cr
706 2597 747 2647 bei
776 2623 780 2630 ·
792 2602 886 2660 partim
904 2603 950 2663 qui
965 2625 998 2634 -
1011 2603 1105 2650 mohac
1115 2601 1239 2662 fuebant,
1251 2617 1314 2661 par-

230 2665 325 2731 Beginu
344 2666 386 2716 des
405 2663 511 2729 llriegos
529 2665 598 2715 scine
613 2663 746 2716 Gomahlin
796 2670 839 2717 tabe
856 2671 901 2730 qui
918 2693 952 2703 —
968 2671 1036 2717 nocta
1054 2671 1161 2730 imperiis
1179 2671 1313 2720 studebat

231 2733 347 2784 Cornelio
371 2733 417 2783 mit
444 2734 498 2784 dom
519 2733 644 2798 jiingoron
662 2733 745 2784 Solane
797 2762 831 2770 -—
841 2736 951 2797 familiae
968 2755 1003 2776 =
1020 2736 1109 2786 servis.
1144 2735 1190 2788 Die
1210 2735 1312 2802 Capita·

230 2802 324 2852 Sextus
343 2802 479 2866 geschickt.
516 2801 551 2851 Er
577 2801 681 2852 landate
700 2803 745 2851 da·
796 2802 1075 2868 listongesollsohalten,
1094 2803 1192 2858 welche
1207 2804 1248 2855 dio
1262 2804 1312 2854 ilr-

227 2871 311 2920 selbst
329 2871 414 2934 nicht,
433 2871 542 2920 sondern
560 2869 620 2920 liess
639 2871 684 2934 sie,
704 2870 744 2921 die
796 2871 895 2935 hobuug
930 2872 975 2922 der
1009 2871 1116 2922 Steuern
1154 2873 1180 2922 in
1216 2887 1313 2936 ganzen

231 2938 312 2988 nichts
337 2953 387 2988 von
412 2939 456 2988 dor
473 2938 626 3003 Niedorlage
645 2941 744 3002 abacto,
797 2937 1077 3005 Provinzengepachtet
1089 2942 1178 2991 hatten
1186 2940 1313 3003 (societater

231 3004 347 3066 auidas
380 3007 461 3056 Schiff
488 3008 608 3058 kommen.
650 3007 675 3058 S.
705 3007 745 3056 die
791 3010 994 3072 publicanorum),
1013 3010 1102 3059 hatten
1114 3008 1242 3059 natiirlicb
1252 3011 1313 3060 sehr

227 3073 396 3138 Schildcrung
419 3075 461 3124 bei
484 3074 651 3142 Plueromp.
671 3079 745 3128 7411.
797 3075 863 3126 viele
882 3075 966 3127 Leute-
993 3076 1019 3127 in
1049 3077 1129 3127 ibrem
1146 3077 1236 3128 Dienst
1260 3079 1312 3128 und

231 3146 271 3196 75.
796 3144 838 3194 bei
849 3144 950 3195 wutan
963 3145 1004 3195 die
1014 3145 1119 3196 meister
1132 3146 1215 3198 davou
1223 3161 1312 3196 waren

172 3274 174 3276 Ι
266 3215 288 3263 5.
307 3214 429 3274 Capreae:
447 3226 468 3260 c.
490 3213 546 3274 106,
568 3215 589 3264 1.
797 3212 913 3264 Sclaven.
933 3240 966 3249 -
984 3217 1106 3266 Peloriemc
1118 3219 1236 3276 pervenit
1266 3213 1312 3264 Boi

266 3281 290 3332 6.
309 3296 394 3346 mayoc
412 3283 498 3341 capitio
509 3283 619 3342 permoto
636 3281 670 3330 ist
687 3278 744 3330 Abl.
798 3282 842 3331 der
869 3281 894 3330 in
912 3281 1011 3348 Syedra
1034 3281 1060 3331 in
1077 3282 1184 3340 Cilicien
1209 3282 1311 3345 (Lucan.

230 3349 256 3398 Β.
276 3347 305 3398 G.
326 3352 349 3412 7,
372 3351 393 3411 1,
414 3351 503 3412 5314,
524 3353 547 3400 7.
798 3351 827 3412 8,
852 3352 911 3413 259)
937 3350 997 3400 oder
1019 3350 1069 3400 wie
1087 3351 1153 3400 Plut
1173 3350 1256 3417 Pomp.
1276 3354 1310 3403 ’Π

267 3421 289 3470 l.
308 3420 339 3470 12.
357 3420 471 3470 Lentulo:
499 3419 526 3481 1,
548 3420 575 3480 1,
594 3419 610 3468 2
629 3434 651 3467 u.
671 3419 692 3466 'o'.
710 3444 746 3455 —
796 3425 861 3482 sagt,
872 3435 903 3468 zu
913 3417 1009 3484 Cyprus
1018 3418 1064 3468 mit
1073 3419 1159 3470 selden
1168 3418 1310 3483 Frcundem

230 3490 258 3538 P.
279 3489 395 3537 Lentulo:
420 3489 441 3549 1,
464 3488 503 3549 15,
523 3487 546 3538 3.
797 3487 836 3536 die
855 3487 906 3536 ihm
924 3485 1020 3552 gelolgt
1038 3502 1125 3538 waren
1152 3488 1225 3551 (nach
1243 3486 1312 3538 Plut.

268 3551 342 3613 103.
376 3557 397 3608 1.
427 3559 556 3606 romuald:
580 3569 601 3604 c.
621 3555 644 3616 3,
662 3555 676 3604 2
695 3554 745 3604 und
797 3555 879 3622 Pomp.
905 3558 937 3608 ‘ld
956 3571 1043 3606 waren
1062 3558 1094 3609 00
1113 3556 1251 3606 Senatores
1270 3555 1314 3606 bei

229 3626 274 3685 31,
306 3625 329 3674 2.
366 3650 399 3659 -
428 3626 534 3674 sublatas
564 3621 681 3689 erhoben
710 3649 746 3660 -
794 3624 862 3688 ihm),
881 3625 1207 3689 geptlogenonBoratbung,
1226 3623 1314 3674 wolin

226 3695 319 3752 partim
337 3709 408 3755 quoa,
434 3691 504 3742 nicht
527 3708 587 3758 quos
600 3695 693 3753 partim
710 3713 745 3734 =
797 3708 825 3742 er
842 3691 897 3742 sich
920 3694 1026 3744 wendon
1049 3692 1126 3756 selle,
1157 3708 1214 3742 war
1236 3691 1313 3742 Pom-

230 3759 307 3808 theils
338 3759 437 3823 colcha,
477 3759 517 3810 dio
549 3762 659 3824 (quorem
686 3777 746 3821 paro
795 3759 865 3827 peius
902 3759 988 3825 dabir,
1025 3763 1090 3811 nach
1120 3760 1243 3812 Parthian
1281 3776 1315 3812 zu

230 3829 351 3876 constabat
367 3831 406 3889 tio,
422 3831 499 3891 quoe).
533 3827 584 3878 Das
610 3829 673 3877 nach
691 3829 745 3878 dem
796 3831 893 3892 geben,
925 3829 1013 3879 dassen
1043 3828 1126 3894 libnig
1157 3829 1253 3880 Orodes
1283 3844 1314 3879 er

231 3893 338 3943 zweiteu
352 3899 444 3955 partim
463 3895 650 3959 weggelassene
668 3893 745 3946 Rela-
796 3899 873 3947 sehon
906 3896 994 3947 lriihcr
1022 3913 1063 3948 um
1093 3896 1167 3948 Hiillo
1204 3897 1315 3962 gebeton

229 3961 311 4011 tivum
342 3961 409 4010 kann
435 3963 504 4011 nicht
530 3963 599 4012 wohl
628 3963 745 4014 cutbehrt
796 3967 881 4029 hatte,
910 3967 937 4029 (s.
964 3982 996 4016 zu
1022 3982 1042 4016 o.
1073 3969 1114 4030 82,
1143 3969 1174 4029 bl.
1210 3965 1314 4019 Audebo
