2906 4586
602 367 630 418 rr.
650 371 759 422 23-25.
1159 369 1218 438 127

146 524 178 584 ld
194 533 293 584 autem
307 531 352 584 est
365 523 468 602 iugum
485 523 629 584 directum
644 523 777 584 eminens
794 524 826 584 in
837 540 927 595 mare,
945 531 1069 601 utraque
1086 541 1122 584 ex
1138 531 1219 601 parte
1234 527 1249 577 3

146 617 341 687 praeruptum
355 618 443 686 atque
457 625 605 685 asperum,
620 609 671 669 sed
692 615 790 670 tamen
811 608 898 686 paulo
919 608 1030 668 leniore
1047 608 1161 686 fastigio
1183 609 1218 668 ah

148 713 181 754 ea
200 702 292 771 parte,
314 711 390 772 quae
410 694 446 753 ad
468 693 581 754 Uticam
598 693 699 772 vergit
728 693 820 754 Ahest
838 693 948 754 directo
967 693 1070 754 itinere
1087 693 1123 752 ah
1138 694 1250 757 Utioat

146 778 233 857 paulo
256 779 383 857 amphus
412 796 517 856 passus
546 779 632 839 mille.
675 779 732 838 Sed
763 779 820 838 hoc
845 779 950 838 itinere
977 785 1021 838 est
1048 779 1131 850 sone,
1159 797 1219 856 quo
1266 817 1268 820 -

147 882 227 924 mare
244 864 375 924 succedit
387 864 513 942 longius,
529 863 644 943 lateque
658 863 682 924 is
698 864 782 923 locus
796 871 954 942 restagnat:
972 864 1097 941 quamsi
1112 863 1220 941 quivi·

145 957 206 1010 tare
228 949 396 1021 voluerunt,
417 967 447 1008 vr
467 948 582 1009 milium
604 949 728 1008 circuitu
748 948 944 1027 in'oppidum
964 949 1149 1026 perveniunt.
1199 1009 1202 1016 ,

231 1030 283 1096 25.
306 1035 370 1094 Hoc
393 1034 542 1111 explorato
562 1035 627 1094 loco
651 1033 740 1094 Curio
763 1041 856 1094 castra
878 1033 945 1094 Vari
968 1034 1111 1111 conspicit
1132 1045 1219 1094 muro

146 1119 317 1198 oppidoque
338 1118 493 1179 coniuncta
515 1119 550 1179 ad
572 1127 697 1196 portam,
716 1137 790 1197 quae
806 1119 968 1196 appellatur
983 1117 1093 1191 bellica,
1114 1119 1224 1180 admo.
1324 1117 1328 1126 '

146 1204 220 1266 dum
237 1204 350 1264 munita
365 1211 469 1264 natura
482 1204 552 1276 loci‚·
570 1223 629 1264 uua
648 1222 683 1264 ex
705 1213 787 1282 parte
805 1204 870 1281 ipso
894 1203 1003 1282 oppido
1025 1204 1116 1277 Utica,
1132 1204 1220 1263 altera

145 1289 300 1362 atheatro‚
323 1289 404 1367 quod
420 1296 465 1349 est
478 1296 545 1350 ante
562 1289 715 1367 oppidum,
741 1289 1010 1352 substructionibus
1038 1289 1101 1350 eius
1122 1289 1220 1366 operis

145 1374 290 1447 maximis,
312 1375 391 1434 aditu
409 1373 445 1434 ad
463 1381 556 1434 castra
569 1374 682 1436 ‘difficili
697 1382 726 1435 et
741 1381 875 1452 angusto.
906 1375 1000 1434 Simul
1017 1374 1249 1435 animadvertite

145 1459 238 1520 multa
254 1458 387 1538 undique
402 1459 515 1537 portari
533 1466 621 1536 atque
643 1459 687 1537 agi
707 1459 884 1536 plenissimis
905 1459 967 1530 viis,
983 1476 1058 1537 quae
1075 1459 1234 1536 repentini¹

144 1545 290 1604 tumultus
305 1543 412 1605 timore
428 1562 463 1604 es
477 1543 553 1622 agris
567 1544 599 1602 in
619 1543 723 1603 urhem
741 1547 940 1606 conserantur.
960 1543 1036 1606 ¹lluc
1058 1545 1219 1621 equitatum
1233 1551 1249 1600 3

145 1628 241 1701 mittit,
260 1637 293 1689 ut
313 1628 451 1706 diriperet
472 1638 559 1708 atquo
581 1627 702 1688 haberet
719 1629 785 1688 loco
803 1628 941 1705 praedam
963 1627 1128 1706 eodemque
1142 1636 1219 1688 tem·

145 1730 219 1790 pore
236 1713 282 1774 his
296 1713 387 1773 rehus
402 1713 579 1774 subsidione
596 1713 708 1792 eqtrites
719 1713 863 1774 Numidae
877 1731 913 1772 ex
924 1712 1032 1790 oppido
1048 1713 1220 1792 peditesque
1298 1760 1302 1768 .

147 1817 217 1858 ccco
230 1798 388 1860 mittuntur
402 1817 418 1858 a
433 1799 519 1871 Varo,
530 1816 607 1876 quos
630 1798 729 1858 auxilii
746 1816 833 1858 causa
848 1815 901 1858 rex
916 1797 987 1858 luha
1002 1798 1102 1874 paucis
1116 1798 1220 1858 diebus

145 1891 212 1944 ante
228 1883 340 1944 Uticam
355 1883 482 1945 miserat
515 1884 591 1944 Huic
607 1891 635 1943 et
648 1892 805 1961 paternum
819 1883 980 1959 hospitium
998 1901 1066 1944 cum
1077 1883 1219 1962 Pompeio
1233 1887 1250 1936 4

146 1975 175 2027 et
190 1968 324 2030 simultas
343 1987 412 2028 cum
430 1968 558 2029 Curione
578 1968 785 2041 intercedebat,
807 1967 887 2046 quod
907 1967 1153 2047 tribunusplebis
1174 1969 1218 2030 le·

147 2071 213 2132 gem
229 2054 473 2131 promulgaverat,
492 2070 550 2131 qua
567 2054 630 2132 lege
651 2072 778 2133 regnum
795 2052 884 2114 lubae
902 2053 1116 2131 pubhcarerat‚
1139 2054 1219 2116 Con-
1234 2051 1249 2100 5

147 2147 272 2200 currunt
289 2139 402 2217 equites
423 2139 500 2199 inter
521 2157 568 2210 se3
588 2157 686 2218 neque
704 2157 774 2200 vero
789 2137 921 2216 primum
938 2139 1083 2216 impetum
1098 2147 1219 2200 nostro-

146 2303 239 2372 Scipio,
266 2306 310 2355 der
333 2305 367 2357 im
390 2305 498 2356 aweiten
521 2305 657 2372 punischen
709 2304 857 2369 Zugangzu
874 2305 1024 2367 demselben,
1044 2320 1093 2354 von
1111 2305 1156 2355 der
1173 2320 1220 2354 au-

147 2371 240 2437 llriege
264 2374 321 2423 dost
343 2373 383 2424 oin
416 2373 499 2438 Lager
525 2373 657 2438 aulschlug
710 2374 770 2423 darn
794 2372 863 2422 Seite
887 2389 944 2422 vom
967 2372 1077 2423 Theater
1104 2373 1150 2422 her
1174 2373 1221 2422 da-

146 2443 197 2490 und
214 2441 268 2491 sich
286 2444 464 2504 verschanzte3
483 2442 539 2492 le.
554 2446 596 2506 29,
615 2445 657 2505 35,
709 2441 795 2502 durch,
814 2441 871 2490 dass
891 2441 998 2491 beiden
1016 2439 1220 2504 nmfangreichen

150 2512 194 2562 13:
218 2513 301 2561 Caetra
324 2514 425 2561 tiberem
442 2515 469 2561 e'n
482 2515 657 2572 promontorio,
709 2508 1221 2559 Uuterbautendesselbennureinschma·

104 2635 114 2644 ,Ι
147 2582 213 2642 qued
236 2584 304 2630 tenui
334 2584 388 2645 taceo
417 2583 548 2630 continents·
568 2583 656 2630 adhae-
708 2578 747 2628 lor
764 2578 814 2627 und
831 2576 995 2640 schwieriger
1012 2576 1116 2640 Zugang
1134 2591 1196 2626 war,

145 2663 202 2697 rene
224 2651 252 2696 δη
273 2652 424 2712 deonantum
453 2652 528 2698 merse
553 2653 658 2710 epatium
744 2649 767 2698 2.
781 2650 1023 2710 portariarqeeeqt.
1051 2645 1164 2707 Lines,
1180 2646 1219 2706 18,

146 2719 290 2779 emendatur,
320 2722 449 2767 communit
479 2717 586 2782 (Scipio).
630 2715 657 2766 ln
709 2718 945 2767 temeraverunt
967 2741 995 2750 —-
1012 2732 1041 2764 eae
1053 2715 1222 2776 campestribus

147 2781 277 2834 derN'aiha
297 2801 352 2834 war
369 2785 554 2850 einhequemer
568 2782 656 2848 Ualen,
707 2788 766 2834 viee
788 2787 900 2847 aerisque
921 2785 1057 2847 frequentes
1088 2785 1221 2847 demiprere

146 2851 173 2899 in
197 2853 253 2903 dem
276 2853 360 2920 Scipio
377 2853 446 2904 scine
470 2853 556 2904 Flotte
574 2853 656 2917 liegen
708 2863 737 2912 et,
758 2868 871 2915 -quae
887 2854 960 2916 sem
983 2862 1005 2902 et
1031 2869 1101 2916 apere
1118 2854 1220 2913 possint,

146 2919 213 2970 lices.
704 2937 766 2982 prae
788 2937 813 2970 ee
835 2931 928 2986 affectes
942 2930 1111 2984 portantesque
1135 2923 1221 2982 Olym-

182 2991 205 3041 3.
218 2994 295 3052 paeto
312 2995 401 3040 tenure
411 2991 514 3054 smtipie
535 2994 557 3052 1,
570 2993 612 3052 45,
627 2992 656 3052 53
704 2999 866 3052 pomposae.
888 2989 921 3040 So
940 2985 1019 3056 ἄγειν
1037 2993 1084 3040 καὶ
1104 2990 1206 3058 φέρειν’.

147 3059 171 3119 2,
192 3061 233 3120 10,
252 3061 275 3110 3.
743 3060 766 3109 4.
779 3067 910 3118 paramum
925 3061 1054 3119 hospitium
1071 3075 1124 3108 eum
1138 3061 1220 3118 Pomp.

181 3129 205 3178 4.
224 3129 295 3190 soen,
319 3144 364 3192 quo
387 3143 454 3176 mare
476 3130 578 3176 ereeedit
605 3130 657 3176 len·
709 3124 840 3191 Pompeius
865 3128 936 3176 hetta
962 3125 996 3176 im
1019 3127 1096 3178 Jahre
1114 3129 1146 3179 81
1166 3127 1221 3175 dem

144 3199 210 3313 tr·
225 3193 657 3314 shlhlllltf‘tttlltlt‘
708 3193 794 3312 latr
808 3191 1221 3325 tuthtdhthtt

147 3331 233 3394 driugt
256 3333 300 3382 dos
324 3331 394 3382 Mser
416 3332 495 3381 durch
518 3331 574 3380 eine
601 3331 658 3380 dort
708 3329 788 3380 Reich
801 3332 843 3382 des
856 3330 989 3396 iugurtha,
1002 3300 1119 3396 ’gegeben
1144 3329 1220 3380 Curio

147 3399 278 3450 diesseade
310 3399 397 3464 Quelle
432 3401 498 3449 nach
532 3400 657 3461 (recedet),
689 3401 780 3452 ,hatte
805 3399 839 3450 im
864 3401 942 3450 Jahre
970 3404 1002 3452 50
1028 3398 1119 3448 darauf
1142 3413 1220 3461 ange-

147 3467 234 3532 dringt
257 3467 426 3518 unterirdiseh
450 3467 490 3518 ein
513 3467 563 3517 und
579 3467 659 3518 hildet
708 3465 806 3531 tregue,
831 3468 886 3518 sain
909 3467 988 3520 Reieh
1009 3468 1064 3518 dem
1081 3465 1221 3516 rdmisohen

137 3551 178 3586 so
196 3537 259 3586 iiber
276 3536 332 3587 eine
358 3536 434 3586 weite
452 3535 548 3586 Fldche
566 3550 657 3599 ausge-
710 3535 927 3598 oinzuverleiben‚
960 3539 1098 3596 poble'eare,
1129 3537 1221 3596 popum

148 3605 240 3654 dehute
257 3602 365 3670 sumpt.
709 3607 818 3656 uenam
848 3609 963 3655 addicere.
1003 3602 1038 3654 Es
1061 3617 1117 3652 war
1143 3603 1221 3652 daher

183 3669 237 3729 25.
258 3676 279 3725 1.
297 3689 367 3723 muro
384 3675 531 3737 oppe'doque:
550 3671 596 3722 mit
614 3673 659 3722 der
709 3675 774 3722 auch
800 3671 974 3734 Privatraohe,
1008 3671 1048 3721 die
1072 3670 1116 3720 ilm
1142 3686 1221 3734 gegen

148 3741 237 3791 Mauer
261 3741 319 3792 ‘und
341 3757 369 3791 so
387 3741 432 3790 mit
455 3742 500 3792 dor
517 3738 607 3792 Stadt'.
625 3767 659 3776 -
710 3740 786 3791 Curio
815 3755 847 3791 zu
875 3741 963 3790 ziehon
993 3739 1158 3790 voranlassto.
1172 3757 1174 3761 ·
1188 3765 1221 3776 -—

148 3813 285 3860 meamea:
320 3812 342 3872 1,
372 3811 414 3870 64,
442 3813 464 3862 1.
488 3837 521 3844 -
545 3813 621 3860 attera
643 3827 659 3860 a
710 3813 789 3874 heom,
808 3826 856 3873 qua
873 3815 928 3874 leae.
965 3808 1045 3858 Ciiser
1069 3809 1221 3860 wiederholt

148 3881 274 3928 ιΙισαινοιι.
286 3893 306 3927 s.
320 3893 351 3927 w.
381 3877 431 3928 Das
443 3877 592 3941 Legerwer
610 3892 659 3928 von
710 3877 796 3941 hiiulig
808 3877 873 3928 heim
884 3877 1028 3928 Relativnm
1040 3878 1084 3928 das
1096 3877 1222 3927 Substan-

148 3946 193 3996 der
210 3945 366 3996 einen'Seite
393 3961 443 3996 voa
461 3947 505 3996 der
522 3945 596 3996 Stadt
614 3962 659 4010 ge·
709 3947 798 4011 tirum,
812 3945 858 3997 aul
871 3947 980 3998 welches
998 3962 1025 3998 as
1043 3947 1097 3998 sich
1116 3945 1222 3996 bezieht.

147 4013 266 4078 salutet.
281 4015 335 4064 also
360 4029 409 4064 von
432 4014 516 4064 dieser
537 4014 660 4078 gaskeiri
711 4015 736 4066 S.
754 4031 786 4066 zu
803 4017 829 4066 B.
848 4014 878 4068 G.
899 4018 920 4079 1,
940 4018 965 4078 6,
987 4018 1009 4068 1.
