2836 4586
242 299 306 368 no
638 293 803 348 osannae
821 293 922 348 civim

245 453 377 518 Ennmm
393 454 469 513 nacti
484 459 685 530 tempestatem
700 451 812 511 maiore
827 467 896 509 cum
911 449 1019 510 fiducia
1034 449 1071 509 ad
1085 450 1210 510 alteram
1221 450 1347 509 turrim
1389 457 1390 464 ’

248 553 442 619 aggeremque
465 537 619 615 eruptione
635 541 842 616 pugnaverunt
871 535 1059 612 multumque
1091 534 1192 614 ignem
1216 533 1345 594 intule-

215 632 329 692 ernnt.
361 623 421 684 Sed
441 632 474 682 nt
495 622 657 700 superioris
679 620 820 698 temporis
843 620 1066 680 contentionem
1084 619 1180 679 nostri
1204 637 1347 680 omnem
1389 629 1390 686 ζ

249 709 432 778 remiserant,
450 707 488 767 ita
507 707 633 786 proximi
656 705 712 765 diei
730 723 800 764 casu
826 703 967 764 admoniti
983 703 1094 764 omnia
1114 704 1152 764 ad
1172 704 1346 764 defensio·
1389 709 1390 712 ’

229 804 318 855 'nem
338 799 519 872 paraverant
551 792 652 870 Itaque
670 789 770 850 multis
788 789 949 849 interfectis
968 789 1100 868 reliques
1114 789 1228 850 inlecta
1241 807 1284 849 re
1310 790 1345 848 in

249 878 392 958 oppidum
413 877 594 955 repulerunt.
1389 893 1390 900 ³

337 959 386 1024 15.
412 961 578 1022 Trebonius
593 979 635 1032 ea,
655 977 730 1037 quae
744 965 815 1018 sunt
829 958 944 1030 amissa,
960 953 1053 1018 mthto
1068 959 1180 1018 maiore
1195 959 1344 1020 militm
1389 977 1390 1010 1

250 1047 347 1109 studio
366 1046 575 1108 administrare
597 1052 626 1105 et
646 1044 767 1104 relicere
785 1043 917 1103 instituit.
959 1043 1033 1102 Nam
1055 1042 1107 1102 ubi
1130 1051 1234 1104 tantos
1257 1063 1344 1105 suos
1389 1117 1390 1120 Ἴ

249 1133 364 1194 labores
381 1141 410 1191 et
424 1138 579 1209 apparatus
595 1130 669 1188 male
684 1128 822 1189 eccidisse
836 1127 975 1187 viderunt
989 1127 1172 1206 indutiisque
1187 1145 1247 1206 per
1266 1147 1342 1190 sce-
1389 1137 1390 1180 3

249 1219 296 1278 lus
311 1216 423 1276 violatis
439 1233 523 1274 suam
537 1214 675 1274 virtutem
689 1213 788 1273 irrisui
805 1215 870 1272 lore
885 1211 1115 1290 perdolueraot:
1133 1213 1231 1292 quod,
1249 1215 1341 1275 unde

250 1318 338 1380 agger
360 1299 483 1359 omnino
500 1299 678 1376 comportari
693 1305 801 1376 posset„
823 1297 896 1356 nihil
915 1305 978 1357 erat
998 1296 1157 1376 reboatum,
1182 1299 1340 1360 omnibus

251 1384 407 1446 arboribus
427 1384 514 1463 longe
529 1383 644 1462 lateque
657 1383 689 1442 in
707 1381 816 1442 finibus
832 1382 1056 1442 Massiliensium
1072 1382 1178 1443 excisis
1199 1392 1231 1444 et
1255 1403 1338 1444 con-
1389 1375 1390 1436 l

251 1469 350 1542 metis,
366 1485 501 1548 aggerem
511 1469 582 1529 novi
592 1467 706 1547 generis
723 1477 810 1546 atque
824 1466 988 1526 inauditum
1006 1485 1042 1526 ex
1058 1467 1195 1528 latericiis
1207 1469 1338 1530 duobus
1389 1479 1390 1552 g

252 1554 345 1616 muris
359 1571 464 1615 senum
481 1553 591 1632 pedum
608 1552 799 1613 crassitudine
818 1559 905 1629 atque
925 1567 1030 1610 eornm
1047 1570 1209 1612 murorum
1229 1556 1336 1615 eonti-
1389 1553 1390 1627 l

252 1641 387 1720 gnaticne
408 1643 503 1699 lacere
517 1639 708 1698 instituerunt
721 1653 814 1714 aequa
830 1638 892 1695 sere
908 1636 1068 1709 altitudine,
1082 1644 1170 1716 atque
1185 1639 1237 1698 ille
1255 1657 1336 1699 con·

222 1725 387 1804 ogastieins
407 1741 442 1784 ex
458 1724 576 1784 materia
591 1725 687 1782 fuerat
702 1739 798 1800 agger.
830 1720 883 1781 Ubi
903 1729 954 1780 aut
975 1722 1101 1799 spatium
1119 1722 1199 1783 inter
1223 1741 1336 1786 muros

251 1819 301 1870 aut
313 1808 493 1868 imbecillitas
509 1808 646 1868 materiae
656 1807 808 1885 postutare
824 1805 982 1878 videretur,
998 1806 1073 1884 pilae
1081 1807 1335 1886 interponuntur,

250 1893 424 1954 traversaria
445 1893 524 1970 tigna
545 1893 715 1964 eliciuntur,
744 1907 819 1969 quae
848 1889 1035 1950 firmamento
1063 1909 1128 1952 esse
1149 1894 1285 1970 possint,
1307 1905 1336 1955 et
1389 1871 1390 1926 l

252 1977 396 2058 quidquid
411 1984 456 2036 est
469 1978 668 2056 contignatum
684 1975 811 2036 cratibus
828 1976 1036 2048 consternitur,
1059 1985 1152 2037 crates
1167 1979 1333 2049 lutodnte-
1389 1997 1390 2042 t

221 2073 236 2124 3
252 2070 371 2140 guntur.
393 2061 455 2122 Sub
469 2059 545 2121 tecto
560 2061 652 2134 miles,
667 2061 768 2120 dextra
784 2078 818 2119 ac
834 2059 1335 2135 sinistramurotectus,adve1·sus
1389 2043 1390 2134 l

249 2296 305 2348 dem
323 2295 474 2360 llraeugoiss
492 2299 537 2350 dar
552 2295 645 2346 Arbcit
661 2317 696 2338 ιι·-
714 2295 758 2346 dns
810 2297 839 2342 ni
855 2295 936 2344 Gdlia
959 2305 1043 2345 uacua
1066 2299 1184 2346 Teutonos
1208 2301 1334 2350 dim

249 2366 327 2416 durch
344 2365 384 2415 die
402 2365 492 2416 Arbeit
514 2367 564 2416 und
582 2365 759 2428 Austrengnng
807 2379 854 2426 quc
873 2367 941 2412 intra
958 2367 1024 2426 fines
1046 2381 1101 2414 auos
1124 2369 1224 2430 ingredi
1241 2371 1333 2428 praru
1389 2369 1390 2432 l

249 2433 413 2498 hergestellte
431 2433 520 2485 Werh.
810 2433 918 2491 brueriam
944 2431 970 2479 Β.
995 2431 1022 2480 C.
1042 2434 1066 2494 3,
1085 2435 1127 2496 38,
1146 2437 1175 2485 4:
1194 2439 1282 2486 nami
1294 2455 1331 2487 oe
1389 2433 1390 2502 l

220 2517 226 2522 ·’
284 2506 307 2554 ’5.
325 2506 448 2564 captione
461 2518 585 2568 pugnare:
609 2501 654 2550 der
672 2499 757 2549 Ablat.
807 2504 883 2564 anicia
898 2498 1083 2558 (niimlichvom
1096 2499 1200 2564 Feinde)
1220 2508 1331 2567 inertiae
1389 2503 1390 2526 l

248 2571 393 2634 (aigentlich
416 2570 456 2620 cin
478 2569 690 2632 instrumentaler)
721 2567 758 2616 als
809 2583 840 2616 ne
868 2568 972 2630 frustra
1010 2573 1116 2632 reb'qtmr
1156 2583 1330 2634 wercum,

153 2637 155 2643 ⁴
248 2639 305 2690 eine
330 2638 477 2698 adverbiale
506 2638 685 2700 Bestimmung,
709 2635 759 2686 wic
809 2639 870 2686 duas
887 2640 955 2686 nacti
969 2646 1063 2686 turmae
1079 2651 1228 2698 accam.
1389 2673 1390 2700 1

250 2707 505 2769 dash‘aiutigeprocb'o
523 2710 637 2756 dimicare
653 2703 757 2754 udhnl.
848 2699 897 2760 15.
919 2706 939 2756 1.
956 2722 1043 2769 aqam:
1059 2722 1079 2756 s.
1097 2710 1118 2768 1,
1134 2710 1176 2770 42,
1193 2711 1216 2763 1.
1234 2737 1272 2744 —
1287 2729 1329 2776 aa·
1389 2701 1390 2762 l

284 2777 307 2825 6.
331 2778 479 2836 remearant,
503 2773 613 2823 niimlich
636 2772 686 2822 seit
704 2771 759 2822 dem
808 2789 886 2837 nerem
903 2777 1072 2838 sosigenes
1089 2785 1161 2839 atqua
1177 2781 1328 2833 incudum,

249 2839 502 2892 Waffenstillstande.
560 2841 606 2891 Die
641 2839 759 2890 Seldaten
810 2840 856 2890 llic
879 2839 1041 2906 Verbindnng
1064 2843 1108 2894 des
1133 2843 1217 2894 Genit.
1236 2848 1327 2910 qualit„
1389 2881 1390 2906 r

248 2923 335 2959 waren
359 2923 428 2958 zaraa
451 2910 521 2959 nicht
543 2911 613 2959 mehr
639 2923 666 2958 so
685 2906 759 2974 eilrig
811 2908 858 2957 mit
871 2908 950 2958 aloem
964 2909 1125 2961 Adiectivnm
1142 2911 1193 2962 nie
1210 2914 1236 2962 Β.
1257 2913 1286 2965 G.
1301 2919 1327 2978 2,
1389 2913 1390 2960 l

248 2975 484 3043 undkampl'lustig,
502 2979 539 3028 als
552 2991 599 3027 vor
613 2977 667 3027 dem
681 2976 758 3028 waf—
813 2979 852 3040 15,
883 2979 912 3028 5:
943 2981 1049 3029 homines
1071 2982 1144 3043 saroa
1180 2999 1329 3048 magnaeque
1389 2965 1390 3042 ]

250 3043 448 3109 lenstlllstande3
467 3046 527 3097 aber
550 3062 595 3096 zur
612 3045 759 3096 Vertheidi-
808 3048 921 3107 νὶνιαιὶες
942 3048 965 3107 5,
987 3048 1026 3107 35,
1046 3049 1075 3100 6:
1092 3055 1145 3100 ciro
1164 3051 1328 3103 oruem
1389 3043 1390 3118 l

250 3127 318 3179 gang
335 3115 424 3164 hatten
447 3115 484 3166 sie
508 3115 571 3166 alles
594 3113 758 3165 verbereitet.
808 3130 870 3178 gnae
902 3119 1057 3170 assumtis.
1088 3143 1122 3154 —
1153 3123 1220 3182 arrad
1245 3125 1326 3171 unde:
1389 3121 1390 3166 t

255 3185 385 3244 vaano,
400 3197 486 3234 zwar
504 3213 537 3220 —
555 3184 640 3234 aber.
670 3183 759 3233 Bosser
810 3179 1047 3246 Mitquodbeginnt
1065 3185 1110 3236 der
1126 3185 1326 3251 Nachsatzm-

155 3290 160 3302 .
250 3252 337 3302 wiirde
359 3252 414 3302 sein
437 3257 559 3314 summere
586 3263 696 3315 tempora.
726 3279 759 3286 -
810 3253 881 3300 nibus
894 3277 926 3284 -
939 3257 1053 3302 reuocatis
1070 3253 1140 3318 gicht
1155 3255 1324 3320 lienegran-

249 3323 339 3386 s'nsecta
359 3337 394 3372 rc.
428 3319 591 3372 Gewiihnlich
607 3320 759 3372 bezeichnen
810 3319 876 3382 dung
893 3335 923 3367 zu
942 3325 1007 3384 quod
1022 3350 1056 3358 —
1074 3333 1125 3374 ma
1143 3327 1274 3388 reliquum,
1290 3353 1323 3362 -

248 3390 305 3440 Abl.
319 3387 520 3454 absiml’assiv,
533 3390 758 3440 wannniehtans-
810 3391 998 3452 coadunatione:
1034 3390 1115 3441 iudom
1158 3391 1199 3442 dic
1235 3393 1323 3444 beiden

249 3459 379 3510 driioklich
415 3458 455 3510 die
488 3459 629 3510 handelnde
664 3455 759 3506 Person
803 3455 914 3506 'Manern
932 3457 1011 3506 durch
1029 3457 1128 3509 Gebdlk
1145 3460 1192 3510 mit
1204 3461 1324 3513 einander
1381 3511 1388 3520 ,

249 3530 327 3579 durch
339 3531 368 3578 ab
379 3525 543 3593 hinzugeliigt
549 3528 621 3589 wird,
634 3525 690 3576 eine
703 3541 760 3574 vom
811 3525 955 3575 verbunden
972 3541 1067 3578 waren.

249 3596 585 3663 Subieetdesllauptsatzes
603 3593 760 3658 ausgehcnde
833 3593 868 3665 ¹2.
903 3601 1050 3646 mensoria
1077 3600 1145 3661 tigna
1173 3601 1325 3650 indiarum:

250 3661 387 3728 Haudlung.
429 3665 463 3715 Es
488 3665 570 3716 huden
593 3665 648 3714 sich
669 3662 760 3726 jedoch
810 3675 837 3710 es
857 3662 959 3712 worden
978 3662 1139 3728 Qnorbalhen
1163 3665 1321 3732 eingezogea.

250 3730 760 3798 anohbeiCdsarniohtwenigeStellen,
847 3730 869 3780 3.
899 3733 1027 3782 wamma:
1059 3733 1098 3783 die
1130 3733 1258 3797 Soldaten,
1281 3736 1324 3786 dio

250 3812 290 3849 wo
302 3799 356 3861 das,
367 3799 490 3864 wiehier‚
502 3801 573 3850 nicht
585 3801 631 3850 dar
643 3799 701 3850 ran
711 3799 759 3861 ist,;
811 3798 874 3847 oben
892 3796 970 3848 durch
988 3801 1032 3850 das
1051 3799 1196 3867 aufgelegte
1213 3803 1321 3854 Bahan-

249 3883 270 3916 z.
295 3867 321 3916 B.
340 3867 366 3916 Β.
385 3865 414 3916 G.
438 3869 462 3930 2,
481 3871 506 3931 4,
529 3871 558 3921 2:
583 3871 688 3932 solosque
704 3885 761 3932 aare,
810 3866 887 3928 dach,
920 3882 970 3916 von
994 3869 1041 3918 den
1064 3869 1150 3920 Seiten
1180 3871 1259 3921 durch
1281 3872 1321 3923 die

241 3941 294 4001 gui
304 3945 406 3998 pomum
424 3946 561 3986 nostrorum
579 3940 694 3988 memoria
711 3951 760 3986 om-
811 3935 916 3986 hlaueru
950 3937 1057 3999 gedecht
1088 3954 1188 4003 waren,
1220 3941 1321 3991 worden
