2880 4612
574 337 615 390 m.
640 342 749 392 41—43.
919 305 923 311 ’
1138 339 1198 404 189
1261 391 1262 399 Ν

127 495 252 574 protegit
273 495 376 568 ventis,
397 503 489 556 castra
511 495 684 556 communit
705 495 749 556 Eo
771 503 884 574 partem
902 495 1021 556 navium
1042 496 1229 576 longarum

128 581 301 653 convenire,
320 584 505 642 frumentum
527 589 783 659 commeatumque
801 581 837 640 ab
859 581 927 641 Asia
948 589 1035 659 atque
1060 580 1197 643 omnihus

127 664 312 744 regionibus,
335 684 407 744 quas
427 666 556 739 tenebat,
582 667 761 744 comportari
781 666 913 745 imperat.
957 665 1061 727 Caesar
1081 666 1229 746 longiuso

18 747 19 750 ’
125 750 236 812 bellum
257 750 379 812 ductum
400 751 437 812 iri
459 752 626 812 existimans
641 759 670 811 et
685 750 722 811 de
737 751 841 812 italicis
857 750 1068 812 commeatibus
1090 753 1196 832 despe-

126 853 204 909 rans,
225 836 304 916 quod
318 844 396 897 lanu
410 836 555 916 diligentia
569 836 668 902 omnia
682 835 767 896 litora
782 855 799 896 a
812 836 997 916 Pompeianis
1015 837 1196 910 tenebantur,

126 923 292 999 classesque
312 922 418 1000 ipsius,
447 940 520 1000 quas
541 921 636 982 hieme
664 921 695 981 in
718 921 825 993 Sicilia,
851 922 953 996 Gallia,
981 922 1060 982 ltalia
1080 919 1196 995 lecerat

125 1007 333 1080 morabantur,
360 1007 392 1067 in
414 1007 537 1086 Epirum
569 1007 612 1068 rei
641 1007 849 1068 frumentariae
868 1025 954 1068 causa
975 1008 1009 1082 Q.
1029 1007 1147 1068 Tillium
1169 1017 1198 1068 et

124 1093 157 1152 L.
188 1093 360 1154 Canuleium
388 1093 515 1172 legatum
544 1092 631 1165 misit,
662 1091 801 1170 quodque
834 1092 887 1152 hae
917 1094 1051 1172 regiones
1077 1093 1227 1154 aberantt

123 1177 252 1256 longine,
288 1178 370 1238 lucis·
390 1178 476 1238 certis
503 1178 610 1238 horrea
642 1177 791 1238 constituit
826 1185 1018 1257 vecturasque
1056 1180 1195 1240 frumenti

123 1262 255 1324 finitimis
290 1263 453 1324 civitatibus
489 1262 653 1342 descripsit.
696 1263 768 1324 Item
804 1262 888 1324 Lisso
923 1263 1128 1344 Parthinisque
1169 1275 1196 1324 et

124 1345 264 1408 omnibus
287 1347 409 1409 castellis
430 1348 509 1427 quod
532 1355 609 1410 esset
630 1347 771 1408 frumenti
792 1347 929 1426 conquiri
948 1348 1041 1409 iussit
1084 1350 1117 1409 ld
1136 1345 1227 1410 erati

122 1433 318 1512 perexiguum
340 1452 410 1494 cum
429 1434 521 1513 ipsius
542 1434 603 1512 agri
624 1441 736 1504 natura,
758 1432 838 1510 quod
861 1441 931 1493 sunl
953 1434 1017 1494 loca
1038 1453 1140 1513 aspera
1162 1454 1195 1495 ar

123 1527 282 1580 montuosa
302 1536 336 1578 ac
352 1519 527 1596 plerumque
542 1521 693 1578 frumento
709 1524 833 1578 utuntur
846 1517 1012 1597 importata,
1032 1527 1094 1579 tum
1115 1520 1195 1598 quod

122 1604 284 1682 Pompeius
306 1605 377 1664 hacc
397 1603 564 1682 providerat
585 1612 614 1664 et
635 1601 836 1681 superioribus
858 1603 961 1664 diebus
985 1605 1109 1682 praedae
1129 1605 1195 1665 loco

121 1689 280 1750 Parthinos
302 1689 444 1750 habuerat
464 1691 708 1766 frumentumque
730 1705 820 1748 omne
843 1689 1042 1768 conquisitum
1069 1689 1197 1769 spoliatis

122 1775 298 1853 ellossisque
321 1793 426 1835 eorum
448 1774 586 1835 domibus
607 1791 661 1852 per
682 1773 795 1852 equites
818 1782 1023 1853 comportarat.

209 1858 260 1922 43.
288 1859 402 1934 Quibus
429 1859 519 1921 rebus
541 1859 666 1938 cognitis
686 1857 791 1919 Caesar
810 1859 968 1922 consilinm
985 1860 1061 1938 capit
1082 1879 1118 1920 ex
1139 1861 1196 1922 loci

122 1954 236 2006 natura.
258 1946 349 2006 Erant
371 1945 450 2006 enim
473 1945 584 2006 circum
608 1953 699 2004 castra
719 1943 842 2022 Pompei
861 1943 999 2023 permulti
1019 1945 1088 2006 editi
1107 1953 1194 2023 atque

121 2031 220 2110 asperi
234 2031 330 2092 codes.
353 2031 416 2091 llos
429 2029 559 2110 primum
574 2029 725 2110 praesidiis
743 2029 838 2090 tenuit
856 2029 1029 2108 castellaque
1047 2030 1087 2092 ibi
1109 2049 1193 2094 com-

121 2116 228 2176 munit.
271 2116 356 2188 Inde,
387 2123 420 2176 ut
439 2115 496 2177 loci
519 2116 662 2193 cuiusque
684 2123 787 2175 natura
815 2115 939 2187 ferebat,
967 2134 1003 2176 ex
1026 2116 1141 2177 castello
1163 2116 1225 2177 1112

121 2201 275 2264 castellum
294 2201 434 2280 perducta
454 2200 617 2283 munitione
634 2199 852 2261 circumvallare
866 2201 1042 2280 Pompeium
1062 2201 1195 2274 instituit,
1262 2213 1265 2217 ’

120 2287 195 2346 haee
217 2295 360 2365 spectans,
381 2287 461 2365 quod
482 2295 604 2366 angusta
625 2305 658 2346 re
680 2285 871 2346 frumentaria
894 2286 1036 2359 utebatur,
1055 2286 1195 2366 quodque

120 2371 283 2451 Pompeius
306 2371 491 2432 multitudine
520 2371 654 2449 equitum
680 2368 805 2442 volebat,
835 2388 894 2448 quo
923 2370 1037 2432 minore
1065 2371 1194 2449 periculo

121 2457 255 2536 undique
272 2460 457 2518 frumentum
473 2463 730 2533 commeatumque
744 2455 883 2515 exercitui
900 2464 1074 2535 supportare
1087 2465 1195 2535 posset,

120 2541 220 2614 simul,
243 2543 284 2602 uti
305 2541 491 2621 pabulatione
507 2540 683 2620 Pompeium
702 2539 872 2619 prohiberet
891 2541 1111 2620 equitatumque
1133 2541 1226 2602 eiust
1283 2561 1286 2568 ·

120 2627 160 2688 ad
182 2645 246 2688 rem
263 2628 421 2706 gerendam
435 2626 567 2686 inutilem
590 2625 727 2698 efiiceret
745 2625 839 2698 tertio,
860 2626 1117 2699 etauctoritatem,
1137 2638 1225 2706 quat

119 2828 237 2892 Fleisch,
262 2827 369 2888 (iurato,
385 2826 415 2891 ja
434 2827 556 2879 Wurzeln
574 2829 635 2879 sehr
685 2829 800 2879 stimmen
826 2829 876 2878 und
903 2828 1014 2878 darnnch
1043 2826 1195 2892 anferlegen.

119 2897 209 2961 h'tiniig
237 2896 277 2946 dic
309 2895 388 2948 stelle
414 2897 457 2947 des
484 2897 633 2962 gewohnten
685 2898 711 2948 B.
729 2897 803 2948 Alex.
823 2899 864 2960 51,
883 2899 913 2949 3:
933 2907 959 2948 ut
973 2900 1088 2959 pecuum
1105 2900 1194 2948 deam

121 2963 510 3018 Woizensvertrctonmossteu.'
529 2966 633 3017 Momm·
685 2969 796 3018 darentur
834 2976 906 3030 atque
944 2971 1125 3028 imperarentur.
1160 2993 1195 3002 -—

120 3051 175 3086 sen.
685 3037 770 3086 Maso:
789 3049 838 3085 von
858 3034 943 3085 Lissus
961 3036 1013 3096 her,
1033 3034 1102 3084 nicht
1119 3033 1195 3084 Dativ

158 3105 182 3155 2.
212 3106 368 3154 moenere
393 3129 426 3140 -
451 3108 637 3166 comportari
686 3119 735 3153 von
761 3107 826 3168 quod
847 3113 904 3155 esset
928 3102 1062 3167 ebhiingig.
1081 3131 1113 3139 -·
1132 3107 1200 3168 quod

121 3177 231 3234 imperat.
255 3171 305 3222 Der
323 3172 379 3222 dem
396 3176 497 3234 saporat
513 3173 636 3222 annichst
685 3182 742 3224 esset
753 3174 889 3237 frumenti:
910 3175 931 3237 1,
950 3174 991 3236 36,
1012 3175 1034 3224 3.

121 3241 242 3291 stehendc
262 3238 332 3292 lnlin.
350 3240 385 3290 ist
400 3242 445 3291 der
457 3240 566 3308 passive,
584 3241 634 3291 wie
721 3244 743 3292 5.
779 3247 916 3306 opimaque
954 3258 1035 3292 eorum
1075 3243 1198 3292 domibus:

123 3310 169 3359 ihn
199 3309 243 3359 der
271 3309 389 3360 stahendc
423 3308 555 3360 Gabranch
590 3310 635 3360 der
686 3309 857 3372 durohwiihlt3
881 3310 921 3360 die
939 3309 1091 3359 Einwohner
1108 3311 1196 3360 hatten

123 3377 634 3443 Spraoheverlan5t3dervorhergehends
685 3377 726 3428 ihr
761 3377 879 3430 Getreide
913 3379 940 3428 in
975 3378 1047 3428 ihren
1082 3377 1195 3429 lliusern

122 3446 209 3496 active
238 3444 306 3496 Inlin
336 3445 370 3496 ist
399 3462 446 3496 nur
474 3447 554 3498 durch
580 3446 634 3496 eine
685 3448 826 3512 vergrahcn
851 3447 910 3497 oder
933 3447 959 3496 in
983 3445 1084 3496 Grnbcn
1109 3445 1197 3496 anlbo

68 3553 86 3576 ,
122 3514 328 3579 Nechliissiglreit
362 3515 406 3565 des
427 3513 635 3571 ‚Schriitstellers
685 3517 776 3567 wahrt.
1167 3553 1171 3562 .

123 3600 156 3634 zu
173 3583 298 3646 children,
317 3584 362 3634 der
373 3586 436 3634 iubet
449 3584 634 3634 satcenwollte
721 3579 773 3642 43.
792 3586 815 3636 2.
827 3585 938 3646 suebat:
957 3597 978 3632 c.
992 3585 1031 3644 16,
1043 3584 1072 3644 33
1085 3585 1106 3645 1,
1117 3585 1159 3647 51,
1175 3587 1196 3636 1.

124 3653 175 3702 und
205 3652 252 3702 den
283 3650 433 3716 Uebergang
468 3669 499 3703 zu
534 3657 635 3714 imperat
720 3655 743 3704 3.
774 3656 888 3703 {succum
916 3653 1034 3716 efficeret:
1065 3667 1085 3701 c.
1105 3655 1138 3720 ¹9,
1166 3656 1196 3704 6:

124 3721 195 3783 nieht
211 3721 352 3772 beachtete.
456 3740 459 3748 ·
684 3724 865 3787 nephqmttoree
881 3724 1000 3785 effecisset.

159 3792 182 3841 4.
205 3801 327 3842 omerus:
355 3806 375 3840 c.
394 3791 435 3850 32,
454 3792 478 3841 2.
497 3817 530 3826 —-
548 3793 634 3840 descri-
719 3792 743 3842 4.
778 3800 805 3840 ut
821 3812 823 3817 ’
840 3794 1001 3842 auctoretatem
1036 3817 1069 3825 —
1102 3795 1197 3851 proelio

124 3861 189 3910 bere:
230 3859 271 3909 bei
306 3859 376 3909 einer
410 3871 634 3922 vorgenomnrenen
685 3861 805 3910 dimicare.
841 3856 865 3909 S.
899 3873 919 3908 c.
945 3861 991 3932 56„
1009 3859 1038 3920 23
1065 3858 1196 3908 Dolabella

125 3925 287 3992 llintheilung
322 3927 401 3978 einern
438 3927 484 3978 don
520 3924 565 3977 auf
591 3926 634 3975 ibn
685 3926 726 3976 hei
745 3926 796 3977 Cic.
814 3927 846 3976 ad
864 3925 931 3978 Fam.
950 3930 974 3989 9,
991 3930 1015 3990 9,
1029 3929 1058 3978 2:
1076 3931 1197 3978 Animad»

125 3996 285 4046 hommenden
303 3995 376 4047 Tbeil
393 3995 570 4059 zuschreiben,
590 3996 634 4046 bc·
685 4006 757 4046 verta
770 3999 812 4046 Cn.
827 3997 963 4059 Pompeiano
975 4013 1016 4050 ner
1027 4001 1131 4046 nominis
1149 4001 1196 4059 aut,
