2836 4586
265 353 326 422 166
658 353 700 406 un
718 351 824 406 ennio
842 353 942 406 civim

265 511 316 591 qui
335 529 377 584 ea,
398 529 472 590 quae
495 510 620 571 marian
642 509 678 572 ad
700 527 802 588 pacem
824 508 971 588 pertinere
990 509 1174 581 viderentur,
1196 518 1308 588 ageret
1329 519 1353 570 et

267 596 371 658 crebro
393 615 497 676 magna
522 613 593 656 voce
614 595 827 674 pronuntiaret,
844 594 981 655 liceretne
997 594 1110 655 civibus
1133 593 1172 654 ad
1199 595 1289 655 cives
1311 596 1352 671 [de

253 681 338 762 'pace
353 683 422 758 duo]
437 683 546 761 legatos
563 680 685 753 mittere,
703 681 784 759 quod
798 679 884 740 etiam
898 679 1027 758 fugitivis
1042 679 1079 740 ab
1094 680 1170 740 saltu
1189 679 1351 760 Pyrenaeo

266 766 524 848 praedonibusque
545 765 687 838 licuisset,
709 764 879 844 praesertim
906 783 974 826 cum
994 765 1024 825 id
1046 771 1182 844 agerent,
1207 783 1252 825 ne
1278 767 1350 826 ciues

239 859 336 914 ccum
355 851 467 914 civibus
485 852 573 912 armis
595 847 798 912 decertarent?
837 850 926 910 Multa
947 849 1117 929 suppliciter
1145 851 1280 911 locutus
1303 861 1352 922 est,

268 945 300 1000 ut
320 937 356 998 de
379 955 431 998 sua
446 944 532 1016 atque
551 936 685 1000 omnium
702 936 793 997 salute
807 934 938 1008 debebat,
960 935 1137 1013 silentioque
1151 934 1194 995 ab
1213 937 1350 1015 utrisque

268 1021 407 1084 militibus
421 1023 545 1082 auditus.
565 1021 754 1101 Responsum
766 1029 809 1081 est
818 1019 853 1081 ab
865 1020 953 1081 altera
966 1020 1168 1098 parteAulum
1176 1019 1349 1082 Varronem
1383 1055 1384 1060 κ

267 1107 398 1186 profiteri
419 1125 451 1168 se
473 1106 560 1167 altera
583 1106 629 1166 die
658 1106 693 1166 ad
714 1106 893 1184 coloquium
915 1114 1074 1167 venturum
1095 1113 1191 1184 atque
1217 1107 1348 1167 cundem

268 1193 419 1264 visurum,
449 1191 700 1270 quemadmodum
722 1199 786 1252 tuto
814 1191 897 1269 legati
926 1191 1027 1252 venire
1057 1197 1086 1251 et
1124 1209 1207 1270 quae
1244 1193 1347 1253 vellent

239 1287 416 1357 leuponere
435 1282 564 1356 possent,
587 1284 759 1353 certumque
781 1275 807 1336 ei
829 1276 871 1336 rei
892 1283 1010 1355 tempus
1032 1275 1239 1337 constituitur.
1285 1279 1344 1351 Quo
1384 1313 1385 1344 t

269 1379 338 1422 curn
356 1370 431 1423 esset
447 1369 565 1440 postero
587 1361 633 1421 die
647 1361 903 1450 ventum,‘magna
917 1361 1065 1440 utrimque
1082 1361 1252 1422 multitudo
1276 1381 1339 1422 ccu-

268 1447 355 1520 venit,
377 1465 539 1526 magnaque
561 1455 622 1506 erat
642 1445 816 1524 exspectatio
835 1446 898 1506 eius
912 1447 964 1518 rei,
979 1454 1066 1524 atque
1089 1446 1236 1508 omniurn
1259 1449 1340 1508 animi

240 1532 372 1594 timenti
399 1551 462 1593 esse
489 1532 526 1594 ad
555 1549 657 1611 pacem
682 1530 865 1592 videbantur.
908 1531 973 1605 Qua
1000 1548 1036 1591 ex
1064 1533 1240 1609 frequentia
1263 1533 1341 1593 Titus

268 1617 415 1679 Labienus
432 1617 538 1697 prodit,
561 1616 717 1678 summissa
735 1616 865 1677 oratione
879 1616 916 1677 de
936 1634 1006 1694 pace
1015 1616 1097 1694 loqui
1108 1623 1205 1694 atque
1215 1619 1339 1678 altercari

239 1705 338 1765 tcum
353 1703 465 1764 Vatinio
488 1703 597 1781 incipit.
625 1703 761 1775 Quorum
783 1701 910 1763 mediam
931 1701 1094 1762 orationem
1114 1701 1336 1780 interrumpunt

268 1789 365 1850 subito
388 1789 518 1866 undique
539 1788 594 1848 tela
615 1787 762 1860 immissa3
785 1804 859 1864 quae
873 1786 919 1846 ille
942 1785 1073 1847 obtectus
1096 1787 1192 1847 arnus
1218 1788 1339 1848 militum
1385 1802 1386 1882 p

268 1873 382 1945 vitavit3
401 1873 593 1934 vulnerantur
613 1880 710 1933 tamen
733 1872 910 1951 complures,
931 1871 961 1931 in
982 1871 1028 1931 his
1050 1871 1212 1933 Cornelius
1227 1873 1343 1944 Balbus,
1385 1891 1386 1926 ς

239 1958 305 2018 vlt.
327 1957 447 2030 Plotius,
467 1957 501 2016 L.
523 1956 683 2030 Tiburtius,
706 1957 892 2019 centuriones
907 1956 1071 2035 militesque
1091 1958 1247 2018 nonnulli.
1271 1960 1342 2020 'lum

267 2040 428 2103 Labienus:
465 2041 600 2102 ‘Desinite
625 2060 695 2120 ergo
722 2043 758 2103 de
787 2041 1001 2121 compositione
1026 2041 1123 2120 loqui;
1158 2060 1236 2104 narn
1262 2044 1344 2104 nobis

268 2126 325 2187 nisi
347 2126 474 2188 Caesaris
497 2125 588 2204 capite
606 2127 695 2186 relato
717 2144 774 2205 pax
794 2145 858 2188 esse
880 2127 958 2187 nulla
980 2127 1094 2206 potest’
1385 2125 1386 2146 ³

302 2293 771 2359 2.[aepactau012ltansicacnicut,
824 2310 859 2344 or.
878 2297 902 2357 2,
922 2297 963 2358 86,
982 2295 1045 2347 351:
1076 2304 1110 2355 tu,
1139 2301 1343 2360 queamdmodum

266 2379 362 2416 uarum
379 2364 496 2416 Vatinius
519 2364 611 2428 geradc
634 2363 698 2414 arvei
722 2361 773 2414 Ge·
822 2367 861 2414 bia
880 2365 1027 2428 adnascatur,
1045 2366 1143 2417 mildo.
1179 2364 1239 2415 Dio
1252 2366 1342 2417 Lesart

266 2434 355 2484 sandte
367 2434 448 2485 buben
461 2433 556 2496 wolltc‚
575 2432 623 2482 und
634 2431 774 2483 dieWortc
823 2433 868 2483 der
884 2430 1076 2483 llandscbrilten
1093 2431 1128 2482 ist
1145 2441 1221 2498 aeque
1238 2452 1298 2486 una
1314 2441 1343 2485 de

265 2507 294 2554 do
328 2520 388 2565 pace
425 2503 528 2553 wiirdcn
568 2502 612 2552 das
646 2500 773 2565 Fulgeuda
822 2511 950 2566 commuue
966 2505 1101 2554 admodum.
1386 2537 1387 2562 ,

260 2576 405 2635 praesertim
422 2589 475 2622 oum
495 2597 531 2613 κ
545 2574 689 2621 decertarent
709 2584 772 2634 ganz
857 2572 881 2622 4.
900 2572 950 2628 Quo
973 2587 1040 2620 mm:
1072 2569 1111 2619 als
1128 2585 1187 2620 man
1206 2585 1242 2620 zu
1264 2573 1342 2622 dieser

263 2639 412 2706 iiberflissig
427 2642 538 2690 macheu.
556 2638 664 2689 llesbalb
682 2637 772 2702 glaubc
823 2637 881 2689 Zeit
893 2655 932 2688 am
944 2637 1076 2703 folgenden
1089 2637 1158 2702 'lege
1167 2638 1229 2688 kam
1243 2657 1273 2691 u.
1288 2655 1342 2691 Μ’.

264 2709 320 2772 ich,
346 2710 402 2760 dass
420 2709 444 2758 in
464 2709 508 2758 der
526 2706 699 2770 Handscbrilt,
727 2721 772 2756 ans
858 2711 881 2760 5.
905 2712 1031 2758 emnmaioo
1053 2711 1173 2758 orationes
1211 2707 1344 2760 Labienus

264 2778 374 2828 welcbcr
395 2777 435 2828 die
452 2777 569 2840 unsdgen
588 2783 716 2839 stammen,
735 2775 772 2825 als
822 2775 970 2826 botbeuertc
986 2775 1161 2827 heucblcriscb
1178 2775 1255 2827 scine
1267 2777 1344 2828 Licbe

264 2844 455 2910 lnbaltsangabe
488 2859 527 2894 am
556 2844 642 2895 Raude
666 2847 694 2894 de
713 2861 774 2906 pace
823 2859 877 2894 aum
895 2844 1011 2908 Frieden,
1037 2844 1113 2895 scbob
1132 2843 1172 2894 dic
1192 2843 1296 2896 Scbuld
1313 2861 1343 2895 aa

264 2917 311 2964 duo
328 2918 400 2978 lopati
421 2915 557 2978 gestanden
580 2914 625 2962 luat
648 2913 697 2962 und
715 2913 772 2962 dass
823 2913 877 2963 dom
901 2911 993 2978 liricgc
1018 2913 1066 2964 den
1089 2910 1206 2976 Gegncrn
1232 2929 1269 2964 zu
1294 2915 1344 2964 und

263 2983 369 3033 biervon
393 2983 433 3033 dic
456 2982 510 3032 drei
534 2988 618 3032 ersten
636 2981 729 3033 Worto
746 2980 773 3032 in
824 2982 872 3046 ling
907 2998 934 3033 so
970 2982 1041 3033 cinon
1065 2980 1261 3032 Wortvvechsel
1298 2984 1345 3032 mit

263 3051 311 3101 den
345 3049 411 3101 Text
450 3050 594 3114 gekommon
634 3050 697 3100 sind.
739 3077 772 3086 -
802 3041 940 3102 ‘Vatinius
976 3067 1014 3101 an.
1062 3048 1096 3099 So
1130 3056 1226 3100 mnsste
1268 3059 1347 3101 anter

256 3121 373 3185 sopitione
394 3123 424 3170 ob
445 3123 510 3170 coitu
532 3122 653 3182 Rjrenm
673 3119 773 3170 bcaiebt
824 3118 1069 3170 diesenUmstiindcn
1081 3119 1144 3168 aucb
1156 3117 1344 3184 derhestigste

262 3188 317 3238 sicb
341 3185 387 3238 aul
408 3187 447 3238 die
471 3186 618 3238 Ueberrestc
644 3187 686 3238 dcs
711 3185 771 3238 Scr—
823 3187 901 3238 Feind
918 3187 1009 3239 Cdsars
1026 3183 1174 3250 veriabreu,
1206 3201 1288 3238 wenn
1315 3204 1344 3238 cr

261 3255 430 3307 toriauiscbcn
460 3255 563 3318 Haeres,
594 3255 673 3306 deuon
697 3254 770 3305 Pom·
822 3256 861 3307 die
888 3257 990 3321 oigenen
1015 3256 1133 3307 Soldaten
1157 3255 1228 3305 nicht
1258 3271 1344 3322 gagen

261 3326 331 3393 peius
348 3327 412 3375 nach
430 3324 568 3388 Resicgung
585 3323 628 3374 dos
643 3323 770 3375 Sertorius
821 3325 875 3375 sich
909 3325 1059 3390 ausbringcu
1089 3326 1138 3375 und
1169 3324 1210 3375 dic
1235 3323 1343 3389 Gegner

261 3397 303 3458 (⁷2
316 3411 339 3446 v.
353 3394 419 3458 Chr.)
437 3393 477 3444 die
495 3392 568 3442 Stadt
580 3389 697 3442 Conveni
711 3394 771 3443 oder
820 3393 903 3445 sicher
914 3393 1120 3444 meebenwollte.
1138 3393 1223 3444 llahor
1230 3393 1346 3444 bebalte

259 3463 405 3530 Lugdunum
430 3463 602 3513 Convenarum
634 3459 658 3510 in
692 3459 770 3526 Aqui·
821 3462 861 3512 ich
886 3461 927 3512 die
950 3462 1041 3512 Lesart
1072 3462 1117 3512 der
1139 3461 1341 3513 llandsclarifleu

258 3534 345 3585 tanieu
362 3533 464 3584 zuwics.
497 3559 530 3567 -
554 3532 769 3594 praedonibusque,
819 3531 862 3581 bei
884 3532 934 3581 und
961 3527 1084 3582 verwcrie
1116 3530 1157 3580 die
1179 3529 1343 3596 Academias

259 3603 306 3653 den
329 3617 378 3652 von
402 3601 531 3668 Pompeius
554 3598 682 3662 besicptcn
712 3598 769 3648 cili-
820 3597 1015 3666 vchorpstra:
1033 3602 1076 3650 sed
1090 3602 1163 3650 mbae
1180 3603 1293 3650 motem
1310 3605 1343 3650 de

258 3670 358 3721 ciscben
376 3670 541 3732 Soeriiubcru,
560 3672 584 3731 2,
605 3669 652 3731 23,
672 3669 702 3732 3,
719 3669 769 3718 und
815 3685 875 3730 paco
886 3671 953 3734 loqui
964 3679 1033 3733 atquo
1043 3671 1158 3719 alterum
1169 3683 1223 3718 oum
1235 3670 1342 3718 Vaes'm'o

258 3740 284 3802 3,
305 3741 361 3801 104,
381 3742 575 3801 depraedantem
594 3741 687 3789 dedum.
820 3741 917 3800 inopie,
941 3736 967 3787 in
989 3737 1103 3788 wolcbcn
1127 3736 1236 3788 Wortan
1271 3738 1340 3786 auch

293 3807 316 3858 3.
340 3816 410 3870 atque
426 3811 525 3858 mndm
544 3812 667 3866 vimnau,
689 3822 769 3869 quem·
820 3811 888 3871 loqui
904 3807 964 3856 scbr
980 3805 1081 3856 stlirend
1098 3805 1140 3856 ist.

257 3877 397 3926 amodum:
416 3875 531 3926 darselbe
547 3876 632 3926 werde
650 3876 767 3939 zusoben,
854 3878 878 3928 6.
896 3879 951 3926 ille:
967 3873 1093 3926 Vatinius.
1160 3935 1163 3938 Ι

256 3943 335 4009 Surge
359 3948 463 4006 tragon,
495 3958 521 3993 es
549 3943 602 3993 sich
631 3944 768 4008 aagolcgen
854 3945 955 4009 torpa:
969 3944 1034 3993 nach
1049 3943 1152 3993 soleben
1166 3939 1338 4006 Vorgium,

257 4011 311 4062 sein
329 4012 412 4063 lusson
428 4028 453 4061 u.
471 4027 491 4062 s.
509 4027 542 4061 iv.
579 4011 637 4074 Vgl
660 4009 712 4062 Cic.
738 4014 768 4063 do
820 4027 865 4063 aus
882 4013 961 4063 denen
978 4012 1019 4062 ilar
1035 4013 1101 4076 seht,
1121 4011 1177 4062 dass
1192 4010 1248 4061 eine
1264 4009 1336 4062 Ver-
