2812 4586
58 60 68 114 a
834 47 842 64 ·
1158 25 1348 120 ψ

55 257 58 370 i
218 295 282 360 226
614 295 657 344 nn
675 294 781 345 nunno
799 294 899 347 civim

54 374 60 406 f

222 451 373 530 expeditos
392 469 428 510 ex
456 450 652 529 antesignanis
681 449 778 510 electis
807 450 842 509 ad
871 450 1071 528 pernicitatem
1099 451 1189 511 armis
1217 450 1304 511 inter

223 536 335 614 equites
346 535 482 614 proeliari
495 535 617 606 iuberet,
634 536 685 614 qui
695 535 838 595 cotidiana
849 536 1062 596 consuetudine
1073 554 1162 595 usum
1174 554 1303 614 quoque

193 621 286 683 telus
307 620 420 699 generis
441 621 622 699 proeliorum
643 620 837 699 perciperent.
882 620 934 680 His
955 629 1017 682 erat
1035 620 1125 680 rebus
1148 621 1302 693 effectum,

223 715 257 766 ut
272 706 404 785 equltnm
421 706 497 765 mille
520 706 606 765 etiam
627 704 821 783 apertioribus
843 705 915 765 locis
936 715 1048 783 septem
1069 705 1183 765 milium
1204 705 1301 765 Pom-

224 791 399 868 peianorum
413 791 565 868 impetum,
582 808 650 850 rum
661 791 774 850 adesset
785 807 865 861 usus,
881 791 1026 851 sustinere
1044 790 1186 851 auderent
1199 809 1302 868 neque

195 885 211 934 5
225 893 403 954 magnopere
412 894 516 935 eorum
527 876 712 935 multitudine
725 884 915 938 terrerentur.
937 877 1070 954 Namque
1081 875 1166 935 etiam
1179 893 1302 953 percos

224 961 286 1021 dies
301 961 446 1037 proelium
464 961 629 1021 secundum
644 970 779 1038 equestre
798 960 867 1019 fecit
886 969 972 1039 atque
994 979 1089 1021 unum
1106 960 1301 1039 Allobrogem

225 1063 260 1106 ex
276 1044 402 1118 duobus,
418 1064 494 1123 quos
508 1046 673 1124 perfugisse
688 1045 724 1105 ad
739 1045 914 1122 Pompeium
930 1063 1019 1124 supra
1041 1046 1207 1117 docuimus,
1228 1064 1300 1105 cum

226 1129 402 1208 quibusdam
427 1131 581 1190 interfecit.
782 1128 784 1132 ⁴

311 1212 361 1276 85.
382 1215 551 1293 Pompeius,
565 1214 616 1293 qui
630 1223 721 1275 castra
732 1214 763 1274 in
779 1215 851 1274 colle
867 1213 999 1286 habebat,
1010 1213 1045 1274 ad
1056 1213 1173 1274 infimas
1183 1215 1302 1274 radices

227 1299 336 1358 montis
352 1300 444 1358 aciem
457 1299 620 1359 instruebat
635 1317 761 1380 semper,
777 1309 809 1360 ut
824 1298 985 1372 videbatur,
1000 1308 1180 1376 exspectans,
1197 1299 1223 1358 si
1238 1300 1300 1359 ini·
1374 1339 1378 1357 ,

198 1384 294 1461 2quis
308 1383 379 1444 locis
393 1383 497 1444 Caesar
519 1403 550 1444 se
566 1384 719 1444 subiceret.
748 1384 853 1444 Caesar
874 1384 953 1442 nulla
974 1384 1085 1443 ratione
1105 1385 1141 1443 ad
1163 1401 1298 1462 pugnam

227 1468 289 1528 elici
300 1486 388 1546 posse
397 1469 572 1547 Pompeium
588 1469 766 1542 existimans,
781 1470 857 1528 hauc
872 1467 927 1528 sibi
943 1469 1214 1528 commodissimam
1230 1469 1299 1528 belli

225 1553 369 1613 rationem
384 1554 528 1628 iudicavit,
541 1555 582 1615 uti
592 1563 685 1614 castra
701 1571 736 1614 ex
752 1572 786 1613 eo
801 1554 867 1612 loco
885 1563 1015 1613 moveret
1029 1571 1207 1631 semperque
1221 1563 1298 1614 esset

225 1638 425 1711 initiueribus‚
439 1640 510 1699 haec
518 1649 661 1719 spectans,
676 1648 709 1698 ut
722 1639 875 1699 movendis
891 1639 993 1698 castris
1009 1637 1143 1716 pluribus
1153 1639 1293 1698 adeundis

195 1741 199 1748 ¹
225 1723 298 1784 locis
319 1725 522 1785 commodiore
541 1744 573 1785 re
594 1724 786 1784 frumentaria
808 1733 948 1795 uteretur,
970 1723 1117 1801 simulque
1139 1724 1171 1782 in
1192 1723 1296 1784 itinere

227 1818 261 1869 ut
282 1809 410 1885 aliquam
429 1810 614 1870 occasionem
637 1809 794 1868 dimicandi
815 1809 1032 1868 nancisceretur
1047 1817 1075 1867 et
1089 1808 1242 1868 insolitum
1260 1809 1296 1868 ad

199 1892 358 1952 elaborem
374 1893 496 1971 Pompei
511 1895 672 1955 exercitum
690 1893 841 1954 cotidianis
860 1893 1014 1956 itineribus
1037 1892 1215 1972 defatigaret.
1244 1893 1300 1953 llis

133 2025 139 2036 i
227 1978 392 2038 constitutis
414 1977 518 2050 rebus,
538 1980 621 2057 signo
640 1980 697 2038 iam
727 1979 917 2056 profectionis
947 1978 1013 2037 dato
1042 1978 1298 2057 tabernaculisque

227 2060 356 2120 detensis
372 2062 610 2122 animadversum
625 2072 668 2123 est
682 2065 769 2141 paulo
790 2073 856 2123 ante
875 2071 955 2123 extra
970 2063 1145 2122 cotidianam
1168 2082 1297 2124 consue-

227 2145 359 2205 tudinem
379 2147 495 2224 longius
514 2167 529 2206 a
548 2149 621 2208 vallo
639 2167 702 2208 esse
719 2149 809 2210 aciem
825 2148 948 2225 Pompei
969 2165 1166 2225 progressam,
1187 2157 1298 2208 utnon

198 2230 330 2308 liniquo
345 2231 410 2290 loco
432 2249 519 2310 posse
542 2232 672 2293 dimicari
691 2233 847 2293 videretur.
883 2234 968 2293 Tunc
989 2233 1094 2292 Caesar
1115 2233 1194 2311 apud
1218 2252 1297 2306 snos,
1377 2271 1378 2283 κ

228 2334 296 2376 cum
311 2315 370 2375 iam
385 2325 461 2376 esset
475 2337 579 2396 agmen
595 2319 625 2378 in
641 2319 742 2396 portio,
760 2318 973 2378 ‘Differendum
990 2319 1051 2390 est’,
1065 2317 1170 2396 inquit
1186 2319 1251 2379 ‘iter
1267 2319 1297 2377 in
1376 2339 1377 2355 ¹

227 2402 389 2478 praesentia
413 2401 497 2462 nobis
520 2403 606 2463 etde
638 2404 748 2480 proelio
777 2403 974 2482 cogitandum,
1001 2403 1076 2462 sicut
1097 2420 1218 2480 semper
1245 2404 1298 2462 de-

226 2487 427 2564 poposcimus.
472 2488 579 2548 Animo
599 2487 692 2547 simus
714 2487 750 2548 ad
780 2488 979 2548 dimicandum
1001 2487 1106 2565 parati:
1130 2505 1193 2546 non
1215 2489 1297 2548 facile

227 2571 412 2631 occasionem
431 2581 532 2649 postea
551 2573 757 2651 reperiemus'3
781 2572 997 2651 confestimque
1026 2571 1175 2650 expeditas
1198 2573 1298 2651 copias

226 2656 331 2716 educit.
376 2719 380 2724 ,

312 2737 362 2801 86.
384 2740 545 2819 Pompeius
568 2759 703 2819 quoque,
726 2751 758 2801 ut
778 2749 879 2820 postea
908 2741 1058 2819 cognitum
1085 2748 1144 2813 est,
1172 2759 1297 2801 suorum

220 2927 388 2985 pernicitatem
411 2924 445 2973 ist
466 2923 513 2974 mit
535 2930 610 2976 electio
626 2942 657 2975 zu
676 2941 735 2976 ver·
822 2928 845 2976 2.
880 2929 1034 2976 commodiore
1071 2943 1097 2975 re
1127 2926 1298 2989 smmumare'a

227 2991 331 3053 bindcn;
344 2991 516 3057 siekiimpften
535 2994 580 3042 mit
598 2995 735 3044 leichtereu
785 3004 899 3044 uteretur.
924 2993 1007 3043 Lucan
1023 2998 1047 3054 l,
1067 2995 1130 3046 236:
1149 2998 1183 3044 ad
1196 3006 1297 3060 segetum

224 3057 313 3110 tursio
325 3060 669 3124 gewiihltenSchutzualfen‚
690 3063 735 3111 da·
786 3073 870 3122 raptus
893 3072 1000 3112 moturos
1023 3067 1098 3126 sepeio.
1123 3089 1156 3098 -
1174 3067 1297 3114 insolitum

224 3126 272 3177 mit
281 3126 318 3176 sie
329 3128 735 3194 behonderwtren.vgl.o.11‚1:
786 3134 945 3192 adiutorem,
966 3130 1015 3180 wic
1043 3133 1065 3192 1,
1084 3132 1126 3193 78,
1147 3133 1176 3184 2:
1195 3150 1297 3194 corpora

224 3200 322 3246 motatio
339 3199 372 3246 ad
392 3200 530 3246 celeritatem
548 3202 665 3248 iumentis.
786 3204 878 3249 insueto
901 3201 935 3248 ad
957 3217 1029 3249 onera
1049 3203 1187 3260 perronam
1217 3207 1297 3262 sonst,

260 3268 283 3316 4.
310 3268 415 3328 equitum
437 3269 509 3329 mitte,
533 3265 582 3315 wic
605 3266 630 3315 Β.
656 3265 685 3317 G.
712 3269 733 3329 1,
786 3267 835 3317 wie
849 3268 1088 3326 immemorabilem
1104 3266 1217 3318 Genitiv.
1239 3269 1297 3319 Wie

224 3336 266 3396 25,
286 3337 314 3396 ὃς
334 3333 388 3382 Liv.
406 3335 449 3394 21,
468 3336 510 3396 61,
532 3335 557 3385 1:
582 3339 646 3385 mitta
668 3340 735 3398 equi·
785 3334 1296 3401 sehrdieSoldateudesPompeiusdencn

222 3413 281 3452 tom.
307 3401 470 3452 Gcwbhnlich
487 3402 549 3451 wird
567 3408 631 3453 mille
649 3403 733 3454 adiec-
785 3403 887 3454 Ca'sar's
905 3419 935 3453 on
949 3402 1201 3467 Marschirfdbigkcit
1219 3407 1297 3454 nach·

222 3471 316 3520 tivisch
339 3470 484 3534 gebraucht.
507 3498 540 3507 —
564 3489 617 3521 eum
646 3476 735 3524 adeeaet
784 3473 896 3532 standon,
911 3474 981 3521 hatto
994 3474 1038 3523 der
1052 3473 1152 3522 Marsch
1165 3488 1216 3521 von
1228 3473 1295 3539 llyr-

223 3555 297 3589 usuc:
324 3538 475 3604 Bediirfniss,
502 3538 732 3604 Notboendigkeit.
784 3541 914 3590 rhaohium
932 3557 976 3590 uus
995 3541 1152 3604 binldnglich
1169 3542 1278 3606 gezeigt

223 3606 249 3655 Β.
275 3606 303 3657 G.
329 3611 352 3668 l,
378 3610 419 3670 80,
447 3611 474 3660 1:
504 3612 527 3658 ei
555 3627 614 3659 oms
639 3615 732 3672 veniam

222 3675 459 3803 quphqlphhme
480 3687 521 3739 ⁶⁸²2
545 3678 571 3727 Β·
598 3676 627 3728 G·
657 3681 682 3741 4,
708 3681 731 3740 2’
784 3710 980 3776 aurgespannen
998 3710 1071 3760 zuo
1095 3711 1197 3772 (imore
1218 3711 1246 3760 n.
1266 3709 1295 3760 c.

258 3811 281 3860 5.
299 3822 386 3868 supra:
406 3825 426 3858 e.
446 3813 485 3864 59,
784 3782 869 3861 63137,
889 3781 929 3838 2l;
954 3795 982 3828 so
1007 3779 1063 3828 Liv.
1081 3781 1123 3841 41,
1143 3782 1167 3841 3,
1188 3781 1215 3832 1:
1234 3797 1296 3828 m.

257 3871 309 3931 85.
336 3878 357 3927 1,
382 3890 517 3936 mmmm
539 3883 569 3942 εἰ,
593 3880 644 3943 ob;
663 3897 682 3930 s.
700 3897 731 3930 zu
781 3857 823 3898 tm
840 3851 992 3897 tabernacula
1009 3851 1143 3898 detendunt,

225 3945 491 4006 tummmt
816 3949 1347 4012 bstWmMszQd'

819 3645 842 3694 3.
866 3645 975 3702 deremet,
998 3658 1055 3691 vom
1078 3641 1227 3692 Abbrechon
1252 3644 1299 3692 der
