2880 4612
192 308 257 372 232
549 304 550 310 ’
589 307 631 358 uu
650 307 757 358 sunno
775 307 875 358 civim

165 479 180 528 2
195 471 263 524 rent
274 463 426 542 aciemque
441 462 505 523 eius
520 463 640 538 distrahi
653 471 839 542 paterentur3
853 462 943 541 idque
957 462 1108 522 admonitu
1124 463 1153 523 C.
1164 462 1272 522 Triarii

196 549 301 608 secisse
309 547 468 620 dicebatur,
482 556 515 607 ut
522 549 637 626 primus
644 565 787 608 excursus
803 547 908 626 visque
924 547 1275 626 milituminfringeretur·

197 634 332 712 aciesque
345 633 560 694 distenderetur
575 640 662 711 atque
677 634 709 694 in
722 633 783 692 suis
800 631 954 692 ordinibus
970 632 1103 710 dispositi
1118 631 1270 711 dispersos

197 719 400 790 adorirentur;
416 718 569 795 leviusque
584 736 689 794 casura
704 717 761 796 pila
778 715 914 795 sperabat
926 717 958 776 in
976 718 1043 776 loco
1058 717 1178 778 retentis
1190 717 1271 777 mili-

196 803 283 875 tibus,
306 821 395 882 quam
418 803 443 862 si
462 803 519 881 ipsi
533 803 672 863 immissis
686 803 749 863 telis
765 803 1010 874 occucurrisscnt‚
1027 803 1115 863 simul
1139 805 1213 870 fore,
1236 810 1273 862 ut

136 881 138 886 ’
198 889 343 966 duplicato
369 906 459 949 cursu
485 887 615 948 Caesaris
645 887 750 947 milites
782 887 1020 947 exanimarentur
1050 896 1078 947 et
1097 887 1273 948 lassitudine·

169 974 184 1024 3
198 973 423 1040 conficerentur.
446 973 534 1046 Quod
550 972 637 1032 nobis
654 972 775 1052 quidem
790 971 869 1031 nulla
889 971 1001 1032 ratione
1016 975 1127 1032 factum
1142 991 1159 1032 a
1174 972 1272 1032 Pom·

197 1057 264 1136 peio
287 1058 410 1131 videtur,
424 1065 579 1136 propterea
602 1057 682 1135 quod
706 1065 750 1117 est
769 1057 913 1135 quaedam
928 1057 1017 1116 animi
1032 1057 1159 1116 incitatio
1182 1064 1274 1134 atque

198 1142 328 1204 alacritas
343 1142 512 1202 naturaliter
525 1143 622 1202 innata
645 1141 793 1215 omnibus,
817 1160 892 1220 quae
907 1141 1003 1201 studio
1026 1159 1142 1220 pugnae
1163 1141 1269 1201 incen-

198 1227 286 1287 ditur.
308 1228 461 1288 Hancnon
469 1227 639 1304 reprimere,
655 1227 707 1286 sed
718 1245 825 1304 augere
833 1227 1026 1304 imperatores
1036 1225 1159 1298 debeut3
1171 1243 1272 1304 neque

198 1314 308 1371 frustra
330 1311 488 1388 antiquitus
507 1311 672 1372 institutum
694 1320 746 1384 est,
769 1320 802 1372 ut
823 1311 905 1390 signa
924 1311 1056 1389 undique
1077 1311 1275 1371 concinerent
1351 1339 1373 1366 κ

199 1397 418 1474 clamoremque
430 1396 561 1456 universi
574 1397 724 1469 tollerent3
740 1395 848 1474 quibus
860 1395 953 1456 rebus
970 1406 998 1456 et
1013 1396 1112 1456 hostes
1122 1396 1226 1456 terreri
1242 1403 1275 1456 et

169 1556 171 1559 Υ
199 1499 270 1541 suos
293 1481 406 1541 incitari
426 1481 674 1542 existimaverunt.

285 1563 336 1626 93.
355 1566 411 1627 Sed
430 1560 525 1626 nostri
544 1567 647 1626 milites
662 1566 729 1626 dato
749 1565 832 1644 signo
853 1583 921 1625 cum
942 1565 1055 1624 infestis
1077 1564 1142 1642 pilis
1156 1583 1272 1642 procu·

199 1650 361 1711 cmrisseut
375 1659 462 1729 atque
470 1652 602 1711 animum
617 1651 812 1714 advertissent
822 1668 884 1729 nou
896 1649 1033 1709 concurri
1045 1669 1060 1709 a
1072 1649 1273 1727 Pompeianis,

198 1753 256 1795 usu
271 1735 357 1813 periti
376 1754 409 1795 ac
431 1736 634 1813 superioribus
656 1735 764 1814 pugnis
782 1735 929 1795 exercitati
951 1753 1004 1794 sua
1025 1741 1129 1812 sponte
1147 1733 1270 1794 cursum

199 1827 405 1898 represserunt
425 1830 454 1880 et
474 1821 509 1880 ad
532 1821 662 1880 medium
679 1823 741 1880 fere
762 1819 889 1898 spatium
910 1819 1112 1890 constiterunt,
1135 1838 1172 1880 ne
1194 1838 1269 1878 con-

199 1906 323 1983 sumptis
342 1905 453 1965 viribus
476 1907 755 1984 appropinquarent,
771 1923 922 1983 parvoque
943 1905 1116 1964 intermisso
1127 1902 1271 1982 temporis

199 1990 293 2066 spatio
315 2007 348 2048 ac
366 2007 472 2049 rursus
493 1999 634 2050 renovato
658 2008 748 2050 cursu
771 1990 827 2066 pila
847 1989 992 2049 miserunt
1018 1989 1217 2067 celeriterque,
1238 1997 1275 2048 ut

169 2080 261 2139 zerat
282 2080 506 2150 praeceptuma
533 2075 663 2146 Caesare,
693 2073 803 2152 gladios
833 2073 1024 2134 strinxerunt.
1066 2074 1168 2151 Neque
1197 2091 1271 2132 vero

194 2157 371 2235 ⁴Pompeiani
382 2157 454 2217 -huic
469 2159 513 2218 rei
527 2158 694 2218 defuerunt.
732 2160 806 2220 Nam
824 2166 852 2219 et
866 2159 921 2218 tela
941 2159 1028 2226 missa
1043 2168 1223 2236 exceperunt
1243 2167 1272 2218 et

199 2241 343 2319 impetum
363 2243 515 2321 legionum
535 2245 666 2304 tulerunt
687 2252 716 2303 et
734 2241 852 2304 ordines
874 2252 1126 2304 conservaverunt
1143 2243 1270 2322 pilisque

169 2333 185 2384 3
200 2326 297 2388 missis
317 2327 352 2387 ad
375 2328 485 2406 gladios
503 2329 663 2390 redierunt.
696 2329 808 2389 Eodem
824 2336 958 2406 tempore
972 2329 1084 2407 equites
1098 2328 1134 2388 ab
1151 2327 1271 2390 sinistro

233 2513 256 2564 2.
275 2515 299 2562 0.
317 2515 424 2563 Triarii:
442 2528 463 2562 c.
483 2516 506 2574 5,
532 2515 555 2564 3.
574 2541 606 2550 —
624 2518 709 2565 leuius·
761 2513 841 2563 Sacha
855 2512 934 2578 vergl.
947 2511 1009 2577 App.
1023 2514 1047 2574 2,
1062 2514 1102 2564 79.
1120 2511 1185 2562 Plut.
1200 2512 1273 2564 Caes.

198 2586 710 2722 tttttutlttb,tltltt
760 2585 1271 2716 tttsttttttttttntttt

199 2722 246 2766 tela
262 2745 295 2752 -
316 2722 389 2768 micea
405 2721 436 2767 ab
459 2721 536 2768 Gallie
553 2723 655 2783 pravius
671 2737 710 2769 ae-
759 2719 799 2768 tiv
817 2734 866 2768 von
878 2722 1036 2781 concinerent,
1056 2718 1131 2768 uiiml.
1150 2722 1273 2784 tubicines,

199 2787 312 2838 eruerent.
329 2813 363 2822 —
380 2790 498 2848 depluuo
516 2804 596 2849 eursu,
622 2789 654 2836 da
672 2787 709 2838 sie
760 2787 898 2852 abbiingig,
926 2786 975 2836 wie
1001 2785 1062 2836 Sall.
1088 2785 1140 2850 lug.
1167 2791 1214 2852 99,
1244 2790 1273 2840 1:

200 2854 247 2903 den
260 2869 355 2917 ganzen
368 2854 571 2904 Zwischenraum
585 2855 709 2906 zwischen
760 2859 875 2907 tubr'er'nea
905 2859 975 2920 sique
1008 2871 1093 2905 enuere
1121 2857 1211 2918 ineest),
1242 2871 1271 2905 so

200 2921 247 2971 deu
266 2922 354 2972 beiden
378 2921 466 2974 Liuien
489 2939 520 2973 zu
546 2923 709 2974 durchlauseu
760 2930 838 2990 rique,
857 2927 926 2974 tudae
942 2934 1043 2973 canunt:
1065 2923 1119 2974 Liv.
1133 2927 1156 2987 9,
1177 2926 1218 2988 32,
1237 2927 1269 2989 63

199 2990 298 3053 hiittan,
311 2990 392 3040 iudom
407 2991 481 3040 ihuen
494 2991 534 3042 dis
546 2990 710 3058 Pompeianer
761 2996 802 3056 30,
822 2996 845 3055 5,
864 2996 893 3046 2:
911 2995 955 3042 ndi
970 2997 1040 3056 siqua
1057 2995 1240 3044 connumerent.

199 3057 278 3120 nicht,
296 3057 345 3108 wie
363 3065 433 3108 soust
450 3060 491 3109 bei
509 3061 563 3116 dem
578 3062 709 3126 gegensei-
797 3058 849 3118 93⁴
876 3065 896 3114 1.
921 3062 1017 3124 infectu
1037 3065 1107 3125 pilis,
1134 3060 1216 3111 iridem
1234 3061 1274 3112 sie

89 3163 93 3169 .
199 3125 269 3190 tigen
295 3123 403 3189 Anlaul,
434 3126 479 3177 aul
501 3128 600 3180 balbem
628 3130 708 3194 Wega
761 3130 801 3180 die
813 3131 863 3195 pila
882 3128 1036 3179 urursbereit
1054 3130 1163 3179 crhoben
1176 3130 1271 3180 holten.

200 3195 419 3258 eutgegeulr'aimen.
460 3195 521 3246 Wie
545 3197 585 3248 die
612 3198 709 3265 kampf-
761 3199 846 3262 Vergl.
872 3199 916 3248 das
940 3197 1040 3266 bdutige
1070 3201 1167 3262 infectu
1194 3202 1273 3264 siquis

200 3264 350 3326 gewohnteu
378 3262 495 3330 Truppen
520 3265 574 3315 sich
597 3267 709 3331 dagegcu
761 3265 904 3331 t§5;B.G.
920 3270 945 3329 6,
961 3269 984 3330 8,
1000 3269 1051 3318 bu.
1066 3269 1096 3328 ὃ.)
1115 3267 1272 3316 vendemio

198 3331 349 3396 verbielten,
368 3348 388 3382 s.
407 3349 427 3381 c.
446 3335 488 3395 93,
510 3335 531 3384 1.
760 3335 992 3398 Schlachtorduuug
1009 3332 1055 3384 aus
1067 3334 1114 3384 den
1126 3333 1205 3386 Feind
1217 3335 1273 3386 los·

235 3403 257 3454 3.
276 3405 343 3451 nulla
359 3405 465 3452 ratione:
480 3405 651 3464 imprudenter,
669 3407 708 3452 r‘n·
760 3404 897 3468 gehcndcu,
915 3401 1143 3468 gesechtsbereiten
1161 3403 1250 3454 licere.

199 3475 310 3530 consulte,
320 3471 380 3520 weil
391 3471 454 3520 ohne
468 3470 709 3535 Beriicksichtigung
795 3474 818 3525 2.
830 3476 887 3522 tute
901 3477 939 3522 ree'
949 3473 1091 3536 defuerunt:
1110 3487 1130 3522 c.
1145 3475 1187 3536 79,
1203 3476 1223 3525 1.
1237 3499 1272 3510 -
1344 3513 1366 3536 ,,

113 3589 115 3594 ,
199 3538 244 3588 der
252 3536 335 3588 Natur
349 3539 391 3588 des
401 3539 544 3602 Meuschen,
555 3538 601 3589 aui
611 3540 651 3589 dio
664 3541 709 3589 der
760 3545 793 3590 ud
818 3544 911 3605 gladios
934 3545 1065 3602 redierunt,
1093 3541 1131 3590 als
1157 3557 1188 3590 zu
1216 3542 1272 3590 dem

198 3604 320 3657 Fcldherr
338 3623 369 3657 zu
387 3609 478 3657 achteu
496 3609 549 3658 bat.
562 3637 595 3644 —
607 3619 709 3659 naturu—
759 3607 856 3659 letztou
865 3609 922 3671 Act,
932 3609 984 3671 der,
995 3610 1115 3659 nocbdem
1128 3609 1168 3659 die
1177 3607 1271 3660 Wurf-

198 3678 260 3736 liter,
279 3676 323 3724 das
346 3691 403 3725 inan
427 3674 468 3726 liir
491 3675 645 3726 onclassisch
662 3691 708 3740 ge·
759 3679 892 3741 geschossa
915 3678 1069 3728 verbraucht
1097 3677 1166 3741 sind,
1198 3677 1272 3741 iibrig

197 3742 350 3805 haltenhat,
366 3743 416 3792 Cic.
430 3745 459 3793 de
475 3743 532 3794 Div.
548 3748 570 3807 1,
590 3748 630 3807 59,
646 3747 708 3797 113:
759 3761 831 3807 war3
854 3745 934 3810 ver-gl.
959 3746 1003 3796 das
1026 3747 1152 3796 bekannts
1178 3763 1216 3797 res
1240 3749 1275 3796 ad

197 3814 293 3860 antuus
315 3811 418 3861 lerninis
439 3818 585 3864 naturaliter
607 3817 708 3864 divinat.
759 3819 859 3864 triarios
875 3818 946 3865 redit.
985 3813 1031 3864 Dis
1053 3813 1151 3880 tapiere
1170 3813 1272 3878 Gcgen·

196 3877 244 3928 Die
272 3878 456 3943 pleonastische
485 3878 708 3932 Ausdruckswsise
758 3885 829 3934 wehr
847 3883 890 3933 des
915 3881 1067 3934 leindlichcn
1090 3882 1200 3947 Fliigels,
1227 3883 1273 3932 der·

197 3956 249 3998 nar.
268 3951 355 3996 innata
371 3946 452 3996 huben
477 3947 526 3996 wir
549 3950 620 3998 auch.
656 3948 708 3999 Zur
759 3951 806 4001 den
825 3951 895 4002 Stoss
912 3950 996 4016 tapier
1019 3951 1129 4002 aushielt
1153 3953 1203 4001 und
1231 3951 1271 4001 die
