2812 4586
254 324 318 390 190
646 319 688 371 nn
706 319 812 372 numo
831 319 931 372 crvru
967 277 971 294 ’
1055 367 1057 378 ,

248 479 299 540 ille
320 477 444 538 maxime
466 475 545 557 apud
559 484 672 538 exteras
686 476 820 536 nationes
836 475 889 536 niti
903 476 1064 547 videbatur,
1083 476 1257 548 minueret,
1278 495 1342 536 cum

251 567 330 624 tama
344 581 397 642 per
411 562 514 624 orbem
536 569 680 622 terrarum
700 560 917 640 percrebuisset
930 561 1012 622 illurn
1027 580 1044 621 a
1059 561 1188 622 Caesare
1208 561 1343 622 obsideri
1369 614 1370 655 1

253 667 350 728 neque
370 648 479 710 audere
497 647 609 726 proelio
628 646 774 720 dimisere.
1369 661 1370 712 ς

337 731 389 796 44.
425 733 585 811 Pompeius
621 749 718 809 neque
747 750 763 791 a
792 731 866 791 mari
892 731 1137 810 Dyrrhachioque
1180 730 1341 792 discedere
1369 737 1370 742 ’

253 818 375 891 volebat,
398 818 478 896 quod
501 835 620 878 omnem
641 823 813 895 apparatum
828 816 904 889 belh,
925 817 988 889 tela,
1011 834 1101 888 arma,
1123 824 1290 877 tormenta
1304 817 1340 877 ibi

254 905 444 965 collocaverat
459 905 701 980 frumentumque
715 901 854 962 exercitui
871 901 993 962 navibus
1010 899 1222 979 supportabat,
1243 921 1340 980 neque
1370 948 1371 990 p

254 989 433 1050 munitiones
454 987 582 1050 Caesaris
609 984 766 1065 prohibere
795 995 922 1064 poterat,
951 987 1007 1048 nisi
1035 985 1150 1064 proelio
1184 987 1341 1048 decertare
1370 993 1371 1038 t

223 1074 355 1146 2veiiet3
376 1073 456 1152 quod
481 1091 516 1132 eo
539 1081 673 1151 tempore
695 1078 833 1132 statuerat
854 1091 915 1132 non
935 1090 999 1132 esse
1022 1071 1209 1132 faciendum.
1236 1073 1339 1133 Relin-

255 1157 409 1238 quebatur,
431 1165 465 1218 ut
485 1167 644 1218 extremam
665 1157 809 1217 rationem
830 1156 896 1217 belli
918 1174 1046 1235 sequens
1069 1175 1163 1234 quarn
1186 1157 1338 1236 plurimos

255 1244 342 1304 colles
366 1251 523 1321 occuparet
543 1249 572 1302 et
594 1259 682 1319 quam
703 1241 855 1304 latissimas
883 1242 1019 1322 regiones
1040 1242 1199 1320 praesidiis
1226 1252 1337 1304 teneret
1371 1285 1372 1294 κ

255 1327 444 1406 Caesarisque
465 1326 580 1406 copias,
613 1344 702 1404 quam
732 1327 857 1388 maxime
883 1335 997 1406 posset,
1033 1327 1208 1399 distineret;
1251 1329 1335 1406 idque

223 1413 366 1474 3accidit
388 1411 516 1473 Castellis
538 1412 617 1472 enirn
636 1429 723 1471 xxuu
746 1413 856 1473 effectis
878 1431 915 1472 xv
938 1413 1016 1472 miha
1037 1431 1188 1490 passuum
1210 1414 1333 1474 circuitu

256 1498 407 1577 amplexus
430 1498 487 1558 hoc
514 1497 606 1576 spatio
633 1497 840 1576 pabulnhatur;
871 1498 1019 1577 multaque
1044 1506 1129 1558 erent
1160 1498 1244 1560 intra
1269 1518 1332 1559 eum

223 1584 355 1645 4locum
376 1601 466 1645 manu
488 1591 557 1656 sata,
579 1581 686 1661 quibus
704 1582 822 1643 interim
842 1584 971 1645 iumenta
992 1592 1133 1661 pasceret.
1184 1584 1279 1661 Atque
1301 1593 1330 1642 nt
1372 1615 1373 1634 v

255 1669 349 1730 nostri
370 1676 526 1748 perpetuas
549 1667 728 1730 munitiones
749 1667 901 1741 addebant
922 1669 1076 1746 perductas
1099 1685 1137 1728 ex
1164 1669 1321 1729 castellisin

254 1755 389 1834 proxima
410 1754 532 1826 castella,
554 1771 591 1814 ne
609 1771 670 1831 quo
684 1753 750 1813 loco
765 1763 955 1832 erumperent
968 1753 1141 1832 Pompeiani
1163 1773 1200 1814 ac
1216 1761 1324 1814 nostros

255 1847 322 1919 post
351 1848 465 1918 tergum
493 1839 695 1910 adorirentur,
731 1837 769 1898 ita
803 1837 844 1898 illi
876 1839 1016 1900 interiore
1047 1839 1140 1917 spatio
1175 1849 1330 1918 perpetuas

256 1925 432 1985 munitiones
451 1923 623 1996 efficiebant,
644 1941 681 1982 ne
695 1937 785 2000 quem
797 1923 897 1984 locum
911 1923 1005 1984 nostri
1018 1925 1128 1984 intrare
1142 1933 1241 2004 atque
1257 1926 1331 2004 ipsos

224 2015 271 2070 5a
293 2018 374 2087 tergo
391 2009 603 2069 circumvenire
617 2017 746 2086 possent
768 2009 825 2069 Sed
844 2009 884 2068 illi
901 2008 1039 2087 operibus
1058 2007 1232 2082 vincebant,
1250 2010 1333 2089 ⁴quod

254 2210 297 2244 nec
322 2209 404 2244 rerum
428 2203 546 2258 poetarum
569 2195 648 2257 pluria
665 2219 698 2228 -
717 2209 765 2242 em
813 2191 918 2260 primum
941 2193 1013 2258 quasi
1040 2193 1158 2244 absolute
1190 2193 1333 2246 affirmetur

253 2271 343 2324 tuturo,
371 2272 393 2314 et
416 2265 458 2314 bec
480 2266 562 2323 dmm,
592 2263 657 2326 quod
681 2264 764 2324 infimo
815 2267 860 2312 eut
887 2267 994 2326 negatur
1022 2263 1079 2324 (nen
1100 2272 1181 2326 potest
1203 2271 1256 2314 aut
1275 2271 1332 2328 Μ,

254 2336 339 2396 cuique
356 2335 466 2397 ccnttpt't,
490 2334 596 2380 isticce
614 2347 685 2393 posse
707 2347 764 2379 con·
813 2336 866 2380 tum
884 2330 985 2380 additur
1001 2331 1116 2397 exceptio
1131 2331 1163 2380 ad
1177 2333 1331 2400 hypothesis

254 2405 357 2466 tingere,
382 2410 409 2450 ut
432 2403 525 2450 bouem
555 2403 660 2464 cffupcre
680 2403 765 2460 posset,
815 2415 892 2468 prope
910 2397 1038 2449 accedens'
1057 2397 1162 2464 Madvig
1180 2415 1203 2450 n,
1226 2418 1253 2453 ι.
1275 2403 1303 2453 0.
1374 2409 1375 2440 i

249 2474 323 2533 polae
334 2473 418 2534 Italia,
435 2472 529 2519 arabus
545 2471 682 2532 Hispaniis,
700 2477 766 2528 capto
850 2469 873 2519 2.
892 2471 1333 2537 extreommraticnembclliaeqm:
1374 2445 1375 2530 i

254 2543 358 2590 nemu
376 2543 497 2603 cadmo,
525 2539 765 2588 circumvallato
816 2552 861 2586 zur
892 2538 1037 2587 dussersteu
1068 2539 1118 2587 und
1146 2536 1251 2591 letaten
1280 2541 1332 2592 Art.

255 2611 504 2671 bunedeniquc,
522 2608 765 2670 quodnerce'oan
816 2606 863 2656 den
887 2603 966 2670 Rrieg
995 2622 1026 2655 zu
1048 2603 1150 2669 fvihren‚
1176 2609 1332 2661 schreitend.

232 2680 341 2726 'nulle'
373 2692 514 2740 umquam
541 2685 650 2725 nostro
679 2679 765 2724 ccct-
816 2673 1050 2725 dakeineandere
1068 2675 1227 2739 iibrigvvnr.
1271 2683 1293 2742 1,
1313 2684 1333 2730 5.

255 2748 341 2796 derit
357 2747 556 2806 imperatori.
816 2744 844 2795 3:
879 2745 1016 2793 deeuwdm
1044 2747 1082 2794 'ad
1113 2747 1231 2794 alteim
1267 2759 1335 2812 aspra

290 2807 343 2870 44.
364 2815 385 2864 1.
403 2829 478 2876 mque
487 2812 766 2872 monumemtum
815 2821 944 2862 carenum
955 2821 1051 2862 aenum
1061 2817 1203 2866 occultum.
1225 2817 1253 2876 3,
1267 2819 1293 2879 9,
1308 2820 1334 2868 3;

250 2891 396 2944 poterat,
431 2884 481 2931 oiri
514 2907 548 2916 -
581 2882 660 2939 veltet,
695 2877 765 2928 nicht
815 2883 1335 2936 adserenumauxittumdmmm-

253 2952 351 3000 celetas.
385 2947 466 2999 Ueher
496 2949 543 2998 den
567 2947 697 3000 Coniunct.
724 2946 766 2997 bei
810 2952 956 3010 praesidiis:
1004 2949 1083 3000 durch
1122 2953 1335 3014 vorgeschoheue

254 3023 313 3079 nbi,
348 3022 371 3067 rt
404 3034 453 3068 non
487 3019 551 3067 nach
586 3015 666 3066 einem
701 3017 764 3066 ohne
816 3015 915 3067 Posteri.

255 3086 400 3150 Redimens
423 3083 652 3151 ansgesprochenen
669 3084 765 3150 Haupt·
851 3087 875 3138 3.
892 3103 966 3136 mnu
983 3096 1048 3136 sata:
1078 3086 1186 3150 Sueten,
1217 3090 1262 3142 dic
1280 3107 1336 3142 zum

255 3162 312 3206 sata
330 3157 387 3216 (non
399 3157 494 3217 poure),
512 3171 531 3204 s.
549 3152 652 3216 Madvig
669 3169 700 3201 zu
714 3152 765 3203 Cic.
815 3153 906 3206 Fnttm
924 3155 1069 3206 verweudct
1086 3157 1191 3206 werden
1204 3157 1335 3215 kounteu:

255 3223 287 3276 de
318 3221 372 3274 Fin
403 3225 427 3286 3,
451 3224 499 3285 21,
526 3227 572 3276 ⁵10:
606 3224 707 3272 Etenim¹
725 3239 767 3272 nec
816 3224 880 3274 deun
903 3224 956 3274 dies
980 3225 1099 3274 brunchte
1123 3240 1152 3275 er
1170 3228 1335 3292 vorziiglich.

257 3298 347 3345 laetitia
381 3307 423 3344 nec
456 3295 561 3342 aneto
589 3307 637 3340 oeae
670 3295 767 3342 enemo
816 3292 849 3342 du
883 3307 912 3342 er
946 3307 995 3342 von
1029 3292 1216 3358 Dyrrhachium
1264 3298 1335 3348 wohl

252 3372 378 3427 pumma,
395 3364 447 3413 niet
455 3364 521 3423 {pm
528 3376 574 3422 per
582 3375 606 3409 ac
619 3369 767 3421 amnentur.
817 3359 944 3424 Getreidc‚
966 3361 1026 3412 aher
1039 3361 1097 3412 hein
1110 3361 1202 3414 Fntter
1213 3365 1334 3418 erhalteu

257 3433 315 3498 vgt
333 3432 419 3483 cheud.
441 3433 462 3496 1,
486 3433 525 3493 16,
545 3431 590 3482 54:
621 3432 687 3492 quod
701 3432 768 3479 nm
816 3431 922 3493 kanuto3
940 3447 960 3480 s
978 3446 999 3480 c.
1016 3432 1058 3492 49,
1077 3432 1107 3494 33
1126 3434 1166 3495 58,
1186 3434 1211 3484 3.

257 3506 365 3565 betarum
392 3503 486 3565 quidem
513 3503 630 3550 sinuum
654 3501 708 3548 laur
733 3523 766 3534 -
851 3502 875 3551 4.
894 3509 1027 3562 Μάνη
1043 3504 1187 3552 munitiones
1203 3505 1334 3568 Meet,

256 3577 449 3634 reperiremus
465 3573 562 3631 adum,
581 3569 633 3618 nisi
647 3569 768 3632 diruatur
817 3567 926 3618 nhmlich
943 3569 992 3619 den
1010 3568 1144 3620 Castellen.
1167 3569 1193 3620 S.
1211 3570 1336 3636 iibrigem

255 3643 291 3689 ad
305 3644 462 3701 uoluptatem
480 3639 510 3690 de
522 3636 592 3688 effic
606 3638 630 3699 3,
645 3637 685 3698 33,
704 3637 766 3688 118:
817 3638 865 3687 den
882 3636 995 3701 Anhang.

257 3725 333 3771 nque
357 3711 419 3759 enim
450 3711 543 3759 dandas
570 3723 613 3756 neo
638 3707 767 3756 ubedam
852 3708 875 3757 5.
892 3708 1028 3758 ctarehant:
1045 3720 1132 3757 waren
1149 3705 1184 3756 im
1201 3706 1333 3768 Vortheil,

257 3791 300 3825 mc
316 3779 412 3826 combas
428 3793 476 3826 mo
492 3785 582 3839 paud,
607 3779 632 3824 aa·
652 3776 708 3825 baec
720 3791 768 3836 per
818 3775 920 3825 worden
940 3775 1001 3825 cher
1017 3773 1109 3839 fertig,
1127 3775 1187 3825 weil
1204 3775 1243 3827 sie
1262 3779 1335 3828 mehr

255 3860 282 3894 ae
297 3859 347 3892 nen
363 3853 508 3904 masmar.
544 3844 580 3894 ‘ln
596 3842 636 3892 his
655 3842 767 3893 omnihus
816 3841 1005 3894 Arbeitskriihe
1028 3845 1116 3901 hatten
1140 3844 1191 3894 und
1217 3861 1266 3895 nur
1282 3845 1333 3898 den

257 3927 306 3962 non
323 3910 470 3977 simpliciter
486 3926 526 3962 res
543 3913 607 3962 duae
621 3911 768 3963 condicione
818 3911 928 3975 innocen,
955 3911 1010 3962 also
1036 3912 1163 3964 kleineren
1188 3912 1269 3964 Reum
1300 3931 1332 3965 zu

255 3979 388 4046 copulatae
406 3985 487 4040 mepte
511 3979 696 4046 concipiuntur,
722 3981 767 4031 sed
818 3978 955 4045 heiestigen
974 3982 1085 4033 hatten
