2906 4586
633 347 662 400 u.
681 353 755 404 r-o.
933 357 936 364 Δ
1165 348 1227 414 109

155 503 380 565 Massiliensium
402 503 491 564 classe
514 523 531 563 v
552 513 621 564 sunt
642 505 813 583 depressae,
847 524 893 564 nn
923 512 1037 583 captae,
1073 523 1131 565 uua
1159 523 1227 565 oum

155 589 320 650 Nasidianis
343 588 491 667 profugit3
529 607 603 667 quae
633 608 737 650 omues
765 589 929 651 citeriorem
953 590 1121 668 Hispaniam
1151 591 1227 668 peti·

156 681 271 734 uerunt.
313 674 352 735 At
372 692 409 734 ex
434 674 554 752 reliquis
576 693 635 737 una
656 673 816 753 praemissa
837 674 991 736 Massiliam
1021 675 1109 736 huius
1132 675 1259 735 nuntiis

157 759 325 838 perferendi
355 759 444 838 gratia
472 777 541 820 oum
567 760 625 820 iam
654 761 904 839 appropinquaret
930 759 1011 832 urbi,
1041 760 1137 820 omnis
1163 779 1228 820 sese

158 843 313 905 multitudo
335 843 456 918 eiludit,
478 852 506 904 et
526 863 559 905 re
579 846 694 924 cognita
718 853 815 906 tantus
837 847 932 906 luctus
954 844 1079 925 excepit,
1102 853 1135 904 ut
1155 844 1227 906 urbs

157 930 193 990 ab
214 929 348 990 hostibus
370 939 452 1009 capte
471 930 576 990 eodem
598 931 718 1010 vestigio
738 930 894 992 videretur.
917 931 1109 1010 Massilienses
1129 937 1258 994 tament

157 1015 247 1075 nihilo
270 1015 365 1076 333133
387 1015 422 1092 31
442 1015 647 1076 defensionem
665 1015 747 1076 urbis
766 1016 877 1095 reliqua
897 1034 1039 1095 apparare
1058 1025 1227 1094 coeperunt.

244 1097 273 1162 8.
295 1101 348 1160 llst
367 1100 605 1161 animadversum
626 1101 662 1161 ab
678 1101 859 1180 legionariis,
890 1102 940 1178 qui
963 1102 1095 1182 dextram
1114 1093 1236 1180 partem

159 1185 256 1266 operis
278 1185 533 1258 administrabant,
554 1205 590 1246 ex
611 1186 721 1248 crebris
739 1186 869 1246 bostium
891 1186 1095 1265 eruptionibus
1119 1204 1227 1264 magno

158 1271 211 1332 sibi
222 1289 287 1332 esse
302 1270 446 1349 praesidio
460 1289 558 1349 posse,
572 1271 598 1332 si
615 1271 655 1332 ibi
671 1289 727 1350 pro
743 1272 857 1332 castello
874 1289 907 1332 ac
922 1272 1105 1350 receptaculo
1122 1271 1228 1332 turrim

65 1400 69 1401 ν
159 1376 195 1416 ex
215 1356 304 1416 latere
324 1355 380 1421 sub
402 1374 489 1416 muro
512 1357 656 1418 iecissent
700 1359 795 1430 Quum
815 1357 912 1436 primo
933 1357 969 1418 ad
989 1357 1160 1434 repentinos
1178 1357 1227 1416 in·

159 1461 264 1502 cursus
288 1441 427 1501 humilem
449 1437 628 1519 parvamque
649 1445 791 1503 fecerunt.
812 1441 879 1501 Huc
900 1460 931 1502 se
953 1442 1134 1514 referebant3
1149 1441 1258 1514 hinet
1286 1498 1288 1503 .

159 1527 183 1588 si
199 1545 256 1605 qua
273 1527 366 1586 maior
380 1535 566 1604 oppresserat
578 1527 631 1598 vis,
647 1527 886 1606 propugnabant,
897 1527 1010 1587 hiucad
1025 1527 1227 1605 repellendum

159 1620 188 1673 et
208 1611 449 1690 prosequendum
472 1612 588 1672 hostem
609 1612 830 1690 procurrebant.
861 1610 980 1672 Patebat
999 1612 1070 1671 haec
1091 1629 1227 1689 quoque-

159 1715 262 1758 versus
279 1697 368 1776 pedes
385 1713 452 1769 xxx,
470 1695 522 1756 sed
536 1697 680 1775 parietum
695 1697 856 1758 crassitudo
873 1697 963 1774 pedes
983 1716 1009 1757 v.
1027 1696 1131 1758 Postea
1147 1714 1227 1769 vero,
1241 1713 1258 1764 3

158 1792 191 1843 ut
208 1791 252 1843 est
272 1800 374 1842 rerum
390 1781 524 1842 omnium
540 1783 677 1860 magister
696 1801 777 1855 usus,
801 1782 956 1842 homiuum
972 1781 1097 1842 adhibita
1112 1781 1229 1842 solertia

158 1867 311 1928 inventum
327 1877 370 1927 est
386 1884 493 1946 magno
510 1885 574 1927 esse
590 1867 657 1928 usui
673 1886 770 1946 posse,
784 1868 809 1927 si
822 1867 895 1927 haec
911 1875 987 1928 esset
1001 1867 1033 1926 in
1048 1867 1228 1927 altitudinem

161 1952 251 2013 turris
274 1952 353 2012 elata.
397 1952 429 2013 ld
449 1952 502 2011 hac
522 1953 633 2012 ratione
655 1955 820 2032 perfectum
843 1960 894 2013 est.

245 2035 274 2098 9.
293 2037 348 2098 Ubi
364 2037 453 2097 turris
469 2037 588 2098 altitudo
602 2039 742 2116 perducta
758 2045 802 2098 est
818 2039 854 2098 ad
871 2037 1144 2109 contabulationem,
1164 2054 1227 2096 eam

194 2225 217 2281 3.
236 2226 313 2273 tuitus
329 2226 424 2284 sucepit,
444 2220 523 2286 iolgte
540 2223 670 2274 333311131-
721 2228 794 2274 ertcn
840 2227 964 2287 sentimum
1010 2221 1050 2272 dic
1085 2222 1229 2285 Bodeutnng

158 2292 213 2353 bur,
231 2291 258 2340 Β.
271 2289 301 2341 G.
316 2295 339 2353 1,
355 2293 395 2354 88,
409 2294 441 2343 2:
458 2295 560 2341 damors
571 2294 669 2354 sublato,
721 2289 833 2341 Punkt.

159 2365 248 2422 occepit
265 2377 351 2410 rursus
367 2377 396 2409 eu
413 2363 474 2410 uuile
493 2363 596 2420 3133333,
613 2359 669 2410 LiV.
756 2355 786 2415 8.
812 2361 833 2411 1.
852 2376 901 2420 pro
924 2363 1016 2410 33313113
1032 2375 1060 2408 ae
1077 2369 1172 2419 reiut:
1190 2358 1229 2407 uls

158 2430 184 2490 2,
202 2429 244 2490 61,
266 2431 292 2480 t:
323 2431 483 2478 turbulentior
512 2432 568 2478 iuda
589 2445 670 2478 33333
721 2427 761 2478 ein
779 2427 993 2491 vorgescbobcucs
1010 2425 1087 2490 Fert,
1110 2426 1155 2476 das
1173 2424 1229 2476 cine

157 2501 252 2558 sucepit.
267 2523 300 2532 —-
315 2501 392 2546 eodem
408 2501 513 2561 33311313.
540 2500 671 2562 Veitt'pium
720 2495 875 2559 Flaukirung
892 2495 938 2546 der
954 2492 1124 2545 ausiullcudeu
1137 2493 1230 2545 Massi-

158 2565 194 2616 ist
211 2565 251 2615 die
268 2565 400 2630 Fussspur,
419 2564 458 2614 die
476 2564 670 2616 (1339333133-
720 2564 769 2616 lior
791 2564 841 2614 und
863 2563 937 2613 comit
961 2563 1016 2613 eine
1039 2563 1158 2626 Dcekung
1186 2563 1229 2612 des

159 2633 317 2685 sebreitende
334 2633 489 2684 binterl‘tisst.
525 2634 622 2684 Auctor
639 2634 671 2684 ad
720 2632 806 2684 Wells
823 2632 932 2696 miglicb
949 2633 1032 2682 mucbt
1048 2631 1098 2682 und
1115 2631 1230 2693 uuglcieb

159 2703 217 2753 Her.
237 2705 261 2764 3,
283 2706 321 2764 15,
341 2705 388 2755 263
411 2712 498 2752 3133133
519 2707 547 2752 iu
564 2706 668 2767 ocrtipio,
720 2701 761 2752 eiu
778 2701 948 2752 Zulluchtsort
970 2699 1012 2750 liir
1036 2701 1076 2750 die
1094 2700 1230 2764 Belugerer

161 2771 275 2836 bduliger
293 2773 356 2822 ohne
374 2768 541 2837 Priiposition,
559 2772 585 2821 Β.
603 2769 670 2821 Gall.
719 2770 773 2821 sein
791 2769 847 2820 soll.
882 2769 920 2820 Zu
939 2787 987 2832 pro
1005 2766 1060 2819 ‘als'
1083 2769 1135 2832 vgl.
1153 2769 1180 2818 B.
1199 2766 1229 2818 G.

160 2843 189 2903 4,
222 2841 252 2902 2,
284 2843 312 2892 3:
347 2857 417 2904 equos
444 2844 527 2890 eodem.
550 2857 673 2892 remunera
722 2842 744 2901 1,
763 2841 805 2900 26,Ι
824 2841 852 2891 3:
866 2855 914 2900 pro
925 2843 986 2889 33113
997 2855 1079 2888 carros
1093 2841 1229 2888 obiecerant.

159 2914 256 2974 cestipio
286 2910 468 2972 assuefeceruut.
513 2909 598 2959 Dabar
624 2909 669 2959 bc·
720 2907 744 2957 S.
762 2925 793 2958 zu
811 2909 835 2970 3,
857 2911 957 2970 1119,1;
985 2921 1033 2968 pro
1057 2913 1131 2958 amico
1161 2919 1232 2970 atquc

159 2977 274 3028 zeiebnet
299 2995 311 3026 e
334 2981 430 3042 surripio
456 2991 505 3026 von
529 2977 669 3028 1133813113
718 2979 809 3028 arbitro
843 2982 1013 3028 untroueru'us
1052 2993 1135 3040 sepum
1168 2994 1229 3026 oom-

160 3062 220 3108 aus,
239 3061 279 3094 wo
297 3061 354 3095 man
371 3047 452 3108 steht,
481 3052 507 3094 in
521 3051 617 3110 uestigio
636 3048 670 3109 (B.
717 3063 815 3106 ponere.
833 3073 866 3082 -
883 3050 971 3096 turrim
989 3063 1017 3094 33
1028 3047 1232 3109 batercfectbrsut,

162 3113 192 3164 G.
212 3118 236 3176 4,
256 3113 672 3180 53),3331333333313331133-
721 3129 810 3178 33533
841 3113 1030 3178 Abbiingigleit
1061 3115 1103 3164 des
1132 3118 1228 3164 33131.

159 3182 339 3242 selbenStelle,
358 3199 399 3232 wo
414 3199 470 3233 mun
485 3184 672 3248 gerudestelrt3
722 3197 771 3234 von
789 3185 904 3246 securint
927 3183 996 3232 niebt
1021 3199 1052 3232 uu
1070 3182 1229 3245 vergleicben

161 3251 217 3302 also
234 3251 288 3302 siud
307 3252 357 3302 3113
381 3251 435 3302 drei
454 3252 619 3316 chduugen
637 3273 672 3296 a
721 3251 766 3302 mit
791 3252 958 3304 attributiven
977 3251 1169 3315 Verbiudungen
1187 3253 1230 3312 (τε

159 3320 286 3384 33513131,
312 3319 520 3383 augenbliollicb.
555 3320 671 3372 1113331133
720 3325 797 3372 tumis
831 3320 962 3384 latericia),
997 3319 1047 3370 wie
1084 3324 1170 3370 uticae
1202 3337 1232 3370 eu

158 3390 302 3452 Bedoutuug
327 3391 374 3438 hat
398 3393 476 3440 eodem
495 3394 592 3454 suscipio
611 3399 671 3440 tcm⁴
720 3393 823 3440 cratibus
840 3390 866 3440 B.
886 3388 915 3440 G.
936 3393 959 3452 5,
979 3391 1021 3450 40,
1039 3391 1063 3440 6.

154 3463 227 3519 poris
256 3459 304 3507 und
328 3463 425 3522 uestipio
447 3463 558 3518 temporis
583 3458 617 3520 (B.
643 3458 670 3509 C.
757 3459 780 3509 2.
797 3464 820 3508 si
835 3468 982 3520 oppresserat
995 3457 1232 3520 »preputium

75 3531 90 3558 ἵ
161 3529 185 3588 2,
205 3529 247 3588 26,
266 3529 298 3590 21.
333 3525 367 3576 113
387 3527 450 3590 liogt
467 3527 539 3588 nabe,
558 3526 614 3576 bier
631 3527 670 3577 dic
723 3541 744 3578 c.
763 3529 787 3587 6,
807 3529 830 3578 2.
850 3555 882 3562 -
901 3528 1098 3589 propupuubunt:
1123 3525 1231 3572 hervor-

158 3594 216 3644 Zeia
246 3594 284 3645 als
318 3597 364 3645 das
396 3594 603 3645 sortschreitendo
638 3611 669 3645 zu
722 3592 851 3659 1111133133,
883 3595 938 3644 sich
962 3591 1153 3656 vertheidigend
1179 3589 1230 3641 Ge-

158 3661 258 3726 lassen,
288 3665 397 3714 welches
427 3663 467 3714 die
485 3663 549 3729 Spur
570 3663 668 3716 binter-
720 3664 821 3714 sebosse
838 3662 941 3714 werleu.
977 3663 1003 3710 Β.
1022 3659 1051 3711 G.
1071 3663 1094 3723 5,
1113 3663 1137 3722 9,
1153 3663 1186 3722 ‚63
1205 3665 1229 3723 7,

158 3732 236 3795 l'asst3
260 3733 321 3783 uber
345 3733 384 3782 die
402 3731 482 3782 stoue
500 3733 552 3783 t'ie.
575 3732 601 3784 in
618 3731 669 3782 Pis.
720 3733 762 3794 86,
781 3734 804 3782 5.
822 3757 854 3768 -κ
872 3735 905 3780 331
928 3734 1117 3794 prosequendum
1134 3733 1229 3780 bostem.

159 3804 184 3862 9,
204 3803 250 3853 21:
268 3806 345 3852 eodem
369 3805 510 3866 intemplo,
529 3805 671 3852 redemtori
719 3799 744 3852 S.
771 3815 803 3849 zu
830 3802 856 3862 1,
881 3803 929 3862 69,
950 3802 972 3852 1.
991 3827 1023 3835 —
1041 3815 1229 3862 quoqiuuerrus:

157 3875 254 3934 uesttqto
272 3882 293 3921 et
308 3876 420 3932 temporis
446 3869 511 3920 lassi
534 3869 669 3920 (11333111-
723 3872 744 3931 1,
763 3870 805 3930 36,
824 3872 847 3920 2.

158 3938 266 4003 kl‘arung
283 3939 353 3989 nieht
369 3956 413 4000 uu,
443 3939 494 3988 und
517 3955 543 3989 33
573 3939 670 3988 scheint
756 3934 784 3994 9.
807 3940 827 3990 1.
845 3941 879 3988 ad
895 3939 1116 3988 commutationem:
1141 3935 1180 3985 bis
1198 3952 1230 3986 zu

158 4007 288 4072 vielnrebr,
298 4009 336 4060 uls
345 4010 418 4058 bitte
428 4007 453 4056 iu
462 4007 547 4058 diesen
554 4007 665 4059 Redens-
721 4007 765 4058 der
777 4007 821 4058 das
839 4013 906 4057 erste
920 4006 1068 4057 Stockwerk
1079 4005 1230 4057 sebliessen-
