2906 4586
253 343 315 407 176
650 343 693 394 ne
711 342 818 394 sento
836 343 937 396 crvur
986 351 990 366 ι
1071 361 1082 384 .

253 499 384 577 dumque
406 507 570 572 curaverat,
597 499 760 559 Antonium
782 498 886 577 recipit
911 497 1111 576 omnibusque
1132 499 1222 559 rebus
1242 499 1326 560 iuvit

252 583 390 644 Otacilius
419 583 475 644 sibi
495 585 601 645 timens
630 583 739 663 oppido
769 585 844 662 fugit
871 592 900 644 et
929 584 965 644 ad
985 584 1162 663 Pompeium
1181 585 1325 663 pervenit.

223 693 239 742 2
252 669 398 747 Expositis
412 668 552 729 omnibus
568 670 660 748 copiis
668 669 823 742 Antonius,
838 687 964 746 quarm
972 679 1033 729 erat
1040 687 1156 748 summa
1171 679 1325 730 veterana-

252 773 320 814 rum
328 755 418 814 trium
431 755 581 832 legionum
596 755 745 833 uniusque
761 755 891 814 tironmn
906 763 934 814 et
941 755 1074 832 equitum
1082 773 1162 827 occe,
1170 755 1325 834 plerasque

252 857 341 899 naves
362 840 395 899 in
415 839 525 900 ltaliam
547 840 666 900 remittit
685 840 721 900 ad
742 840 872 917 reliquos
901 840 1006 900 milites
1033 840 1204 918 equitesque
1225 849 1323 900 trans-

224 925 423 1003 3portandos,
445 933 600 1002 pontones,
626 925 707 1004 quod
729 932 774 984 est
796 943 889 1004 genus
909 925 1030 984 navium
1045 925 1226 998 Gallicarum,
1248 925 1324 986 Lissi

251 1010 399 1088 relinquit,
421 1010 479 1069 hoc
493 1011 623 1082 consilio,
646 1018 680 1072 ut
700 1010 725 1070 si
748 1013 824 1070 forte
838 1009 997 1088 Pompeius
1016 1027 1139 1070 vacuam
1154 1011 1323 1071 existimans

253 1095 363 1155 Italiam
378 1114 413 1156 eo
426 1095 586 1155 traiecisset
599 1095 768 1168 exercitum,
791 1113 865 1172 quae
881 1095 981 1173 opinio
997 1103 1059 1155 erat
1072 1095 1148 1155 edita
1160 1095 1192 1155 in
1208 1096 1323 1174 vulgum,

222 1181 378 1258 4aliquam
395 1179 499 1240 Caesar
517 1181 552 1240 ad
567 1180 785 1258 insequendum
807 1181 973 1240 facilitatem
994 1179 1121 1252 haberet,
1142 1181 1323 1258 nuntiosque

252 1265 287 1325 ad
311 1284 379 1325 eum
395 1265 525 1325 celeriter
541 1265 634 1336 mittit,
656 1265 764 1343 qulbus
783 1265 952 1344 regionibus
966 1267 1126 1326 exercitum
1140 1267 1325 1345 exposuisset

253 1359 281 1410 et
302 1350 372 1428 quid
396 1349 521 1410 militum
541 1351 757 1410 transvenisset

337 1432 387 1496 30.
426 1435 505 1494 Haec
533 1437 639 1494 eodem
668 1438 730 1495 sere
758 1443 892 1514 tempore
922 1435 1026 1496 Caesar
1049 1443 1136 1514 atque
1162 1431 1324 1512 Pompeius

252 1527 443 1600 cognoscunt.
486 1521 560 1580 Nam
590 1528 801 1597 praetervectas
837 1520 1021 1598 Apolloniam
1048 1519 1324 1599 Dyrrhachiumque

252 1624 340 1666 naves
359 1605 500 1688 viderant,
518 1605 576 1683 ipsi
594 1606 650 1666 iter
671 1606 837 1666 secundum
850 1625 898 1665 eas
911 1613 989 1665 terra
1003 1606 1177 1677 direxerant,
1192 1605 1245 1664 sed
1261 1623 1322 1683 quo

222 1699 351 1752 lessent
377 1709 426 1751 eae
455 1690 578 1763 delatae,
607 1691 710 1769 primis
739 1690 842 1751 diebus
864 1690 1046 1774 ignorabant
1090 1691 1269 1770 cognitaque
1290 1707 1324 1750 re

253 1777 366 1836 diversa
386 1775 441 1836 sibi
462 1775 550 1835 ambo
573 1777 693 1837 consilia
713 1777 846 1855 capiunt:
890 1775 1003 1848 Caesar,
1025 1785 1059 1837 ut
1080 1793 1170 1854 quam
1191 1775 1324 1853 primum

252 1881 283 1921 se
299 1880 367 1921 cum
383 1861 510 1921 Antonio
524 1862 730 1940 coniungeret,
745 1861 914 1938 Pompeius,
930 1870 964 1921 ut
975 1861 1159 1921 venientibus
1173 1861 1205 1920 in
1218 1860 1324 1920 itinere

222 1964 237 2013 3
252 1965 283 2007 se
301 1954 472 2024 opponeret,
491 1946 515 2006 si
525 1945 727 2025 imprudentes
746 1965 782 2006 ex
791 1947 904 2007 insidiis
915 1946 1023 2006 adoriri
1032 1955 1141 2025 posset,
1158 1945 1324 2024 eodemque

253 2031 298 2090 die
321 2039 445 2108 uterque
467 2049 571 2090 eorum
593 2050 628 2090 ex
650 2033 750 2092 castris
768 2032 876 2092 stativis
897 2031 1049 2091 allumine
1064 2035 1144 2109 Apso
1160 2031 1324 2090 exercitum

252 2117 395 2176 educunt:
415 2114 574 2194 Pompeius
597 2116 671 2176 clam
685 2125 715 2177 et
734 2125 833 2190 noctu,
855 2117 959 2177 Caesar
974 2117 1070 2196 palam
1084 2124 1171 2194 atque
1184 2115 1325 2176 interdiu.

284 2287 308 2337 2.
337 2287 460 2346 emico
483 2287 590 2335 omnebus
615 2289 688 2346 eopib
705 2288 760 2336 Aee·
811 2295 844 2336 eet
861 2287 982 2347 oppidum.
1014 2283 1100 2334 Isidor.
1117 2283 1161 2336 Or.
1180 2287 1220 2347 19,
1241 2287 1264 2347 1,
1282 2299 1323 2334 uo.

249 2359 336 2417 tonius,
351 2370 454 2418 quarum
466 2381 507 2404 -.
526 2351 759 2405 UeberdieWort-
811 2357 856 2406 24:
893 2357 1037 2404 Pontocium
1059 2347 1182 2418 neelfiam
1192 2357 1326 2418 fluminale

251 2423 361 2486 stellung
378 2438 398 2472 s.
416 2439 448 2471 zu
465 2437 485 2472 o.
505 2424 545 2485 39,
568 2425 588 2474 1.
607 2451 640 2458 -
657 2440 760 2487 querum
810 2425 906 2473 tardum
941 2431 962 2473 et
988 2440 1069 2486 praee,
1103 2425 1169 2486 quod
1194 2437 1244 2472 nen
1271 2426 1326 2474 aiei

249 2502 300 2542 erat
322 2509 414 2542 summa
438 2501 507 2541 veter.
532 2495 606 2541 trium
634 2496 759 2556 lepioneon,
809 2497 908 2557 reeniffl'o
921 2495 1040 2556 moereat
1050 2501 1134 2553 petest.

249 2561 313 2610 zwei
343 2559 461 2610 Genitive
493 2559 686 2611 vorsobiodenor
711 2560 760 2610 Art
846 2590 931 2652 30'1
959 2597 1086 2644 secundm
1103 2610 1155 2654 m,
1182 2591 1228 2642 der
1244 2591 1325 2642 Rich-

249 2643 299 2678 v⁰¹¹
325 2628 379 2678 dem
402 2627 485 2677 δώῃ·
511 2645 602 2678 mmm
625 2629 759 2692 abhfingig’
810 2668 872 2726 tung
890 2663 934 2712 der
951 2661 1043 2712 Schiffe
1061 2659 1169 2726 folgend,
1188 2659 1237 2711 wie
1255 2661 1282 2709 Β.
1292 2659 1323 2710 G.

250 2698 295 2747 der
331 2698 374 2747 des
410 2696 542 2778 geziiblten
572 2695 760 2760 Gegenstandes
811 2733 826 2783 7
855 2733 869 2783 3
871 2735 888 2783 4
913 2733 944 2783 2:
970 2734 1098 2782 mundum
1114 2733 1210 2796 flumen
1233 2733 1325 2780 Elam

250 2768 361 2828 (quarum
383 2768 514 2827 eopearmn)
538 2764 589 2814 und
614 2766 658 2816 der
680 2765 759 2815 Zabl-
810 2768 845 2842 π’
863 2767 945 2862 lii’ugs·
1355 2797 1361 2812 .

250 2834 359 2898 angebo,
378 2832 511 2883 Genitivus
530 2833 684 2897 definitivus,
710 2834 759 2885 wie

250 2901 316 2952 diter
333 2901 467 2952 besonders
486 2901 527 2952 bei
543 2919 665 2955 numerem.
682 2903 709 2952 Β.
729 2901 759 2952 G.
844 2904 896 2954 2u.
910 2904 933 2954 3.
951 2903 1026 2966 mnbo,
1039 2905 1321 2964 untenoterqueeorum.

249 2974 279 3033 4,
302 2973 345 3033 12,
368 2973 393 3022 1:
422 2987 524 3033 quorum
544 2981 595 3022 erec
618 2975 760 3036 quinque
809 2970 860 3020 Das
878 2974 1007 3021 diverea
1029 2973 1129 3020 consiluit
1154 2986 1236 3031 capere
1252 2969 1322 3018 kann

249 3043 370 3090 mittum
387 3055 509 3090 numerue.
543 3039 639 3093 Ebend.
666 3043 705 3103 15,
730 3042 759 3092 3:
810 3039 880 3088 nicht
897 3054 947 3089 von
962 3038 1046 3101 jedem
1058 3053 1108 3088 von
1119 3038 1208 3088 beiden
1222 3037 1324 3088 oinzeln

249 3125 301 3158 ouen
337 3111 474 3158 bostium
508 3125 622 3158 neonem
657 3112 760 3171 capetum
810 3109 871 3171 (was
902 3118 1002 3172 uterque
1030 3108 1165 3170 bedentetl'
1186 3113 1327 3170 ausgesagt

249 3179 399 3230 OOOOXXX
433 3181 526 3228 melium
554 3179 652 3241 scieeee.
701 3177 759 3242 Vgl.
810 3177 919 3240 werden,
950 3177 1057 3226 sondern
1086 3191 1133 3228 nur
1155 3190 1205 3224 von
1230 3174 1324 3224 beiden

249 3246 327 3295 demit
344 3246 383 3296 die
396 3246 503 3296 anderen
512 3245 759 3310 Verbindnngsarten
782 3288 787 3298 .
809 3260 949 3295 zusammen
980 3245 1073 3309 (conlo),
1104 3243 1174 3294 wohl
1197 3243 1259 3294 aber
1276 3244 1322 3293 das

248 3315 274 3364 Β.
294 3313 323 3364 G.
342 3317 363 3377 1,
378 3317 459 3378 29,2:
477 3319 759 3379 quarumomm'um
809 3318 935 3365 exereitum
958 3317 1060 3364 eddom.
1091 3312 1148 3362 Liv.
1172 3314 1219 3374 28,
1239 3314 1269 3374 9,
1291 3315 1323 3364 e:

247 3388 685 3444 rerumeummaerateepitum
701 3387 759 3434 Hel-
808 3387 980 3445 supplicatione
1012 3385 1136 3432 amimea
1170 3385 1267 3432 nornine
1301 3391 1325 3430 et

246 3457 364 3504 vectorem
380 3457 470 3504 milia
487 3455 623 3504 OOLXIII
636 3469 659 3502 u.
677 3468 696 3502 s.
715 3467 758 3515 n,
809 3455 929 3514 trimnpbo
945 3456 1043 3514 uerique
1054 3455 1151 3501 decreto
1169 3477 1203 3486 -—
1220 3459 1323 3512 merom

248 3523 298 3572 und
327 3521 383 3571 Liv.
414 3524 456 3585 42,
488 3525 529 3583 51,
564 3523 608 3572 11:
645 3537 759 3570 summa
808 3515 1348 3572 eornmedueunt.Ueberdenle-el'
1380 3549 1394 3563 .

248 3596 319 3641 totius
348 3595 462 3641 exeredce
488 3594 628 3654 tripieta
653 3606 759 3640 novem
808 3605 828 3640 s.
853 3605 883 3638 zu
906 3591 931 3651 2,
956 3591 980 3651 6,
1006 3592 1034 3650 53
1059 3603 1087 3638 or
1109 3587 1215 3638 isthier
1232 3602 1275 3636 um
1293 3601 1325 3636 so

248 3664 336 3709 milia
356 3663 463 3720 peditum
485 3669 590 3718 erant:
614 3657 682 3708 iihnl.
701 3657 757 3708 (liis.
788 3655 987 3720 ¹aullallender,
1016 3657 1047 3706 da
1072 3657 1151 3706 durch
1168 3656 1212 3705 dos
1231 3654 1325 3706 hinzu-

247 3727 273 3775 B.
305 3726 336 3778 G.
366 3730 387 3790 1,
415 3731 456 3789 29,
487 3729 515 3779 3:
542 3744 633 3777 summo
653 3731 759 3777 mnium
808 3723 911 3790 gefdgte
928 3743 1009 3777 eorem
1022 3726 1072 3776 der
1087 3724 1183 3789 Begriff
1197 3723 1326 3775 derVer-

242 3797 382 3858 suerunt
398 3799 432 3846 ad
448 3799 516 3845 milia
533 3797 759 3848 OOOLXVIIL-
809 3795 939 3858 einzeluog
969 3795 995 3844 in
1025 3804 1124 3858 uterque
1153 3794 1219 3842 noch
1249 3792 1325 3842 mehr

248 3868 333 3914 militer
350 3869 498 3926 equitesque:
518 3866 540 3925 1,
560 3867 601 3927 54,
622 3866 643 3915 1.
809 3864 968 3914 hervortritt.
987 3865 1011 3926 3,
1027 3865 1066 3924 to,
1083 3865 1225 3926 tenerque
1239 3877 1324 3912 eorum

284 3934 307 3984 3.
321 3942 449 3994 pontones,
472 3935 538 3996 quod
558 3943 591 3983 eet
613 3949 688 3997 peetus
704 3949 759 3982 nco.
810 3935 919 3985 elambat.
950 3959 983 3968 —-
1009 3936 1033 3982 ei
1045 3940 1138 3994 ponec:
1158 3933 1180 3994 1,
1192 3934 1224 3994 b,
1244 3933 1324 3982 bv*-

249 3999 273 4048 S.
291 4015 323 4048 zu
343 4002 365 4062 1,
386 4001 425 4063 18,
447 4001 473 4051 1:
508 4001 679 4064 Sulmonenses,
696 4005 762 4064 quod
808 4019 824 4051 a
836 4005 943 4066 flamine
960 4003 1042 4065 Apso:
1059 4016 1079 4052 o.
1100 4003 1139 4064 19,
1160 4003 1182 4052 1.
