<?xml version="1.0" encoding="UTF-8"?>
<!DOCTYPE html PUBLIC "-//W3C//DTD XHTML 1.0 Transitional//EN"
    "http://www.w3.org/TR/xhtml1/DTD/xhtml1-transitional.dtd">
<html xmlns="http://www.w3.org/1999/xhtml" xml:lang="en" lang="en">
 <head>
  <title>
</title>
<meta http-equiv="Content-Type" content="text/html;charset=utf-8" />
  <meta name='ocr-system' content='tesseract 3.04.00' />
  <meta name='ocr-capabilities' content='ocr_page ocr_carea ocr_par ocr_line ocrx_word'/>
</head>
<body>
  <div class='ocr_page' id='page_1' title='image "./ciuliicaesarisc00hofmgoog/ciuliicaesarisc00hofmgoog_0064.png"; bbox 0 0 2848 4586; ppageno 0'>
   <div class='ocr_carea' id='block_1_1' title="bbox 567 314 1180 382">
    <p class='ocr_par' dir='ltr' id='par_1_1' title="bbox 567 314 1180 382">
     <span class='ocr_line' id='line_1_1' title="bbox 567 314 1180 382; baseline 0.003 -16"><span class='ocrx_word' id='word_1_1' title='bbox 567 314 586 366; x_wconf 88' lang='lat'><strong>1.</strong></span> <span class='ocrx_word' id='word_1_2' title='bbox 604 317 714 369; x_wconf 80' lang='lat'><strong>21-23.</strong></span> <span class='ocrx_word' id='word_1_3' title='bbox 1136 317 1180 382; x_wconf 85' lang='lat'><strong>43</strong></span> 
     </span>
    </p>
   </div>
   <div class='ocr_carea' id='block_1_2' title="bbox 106 469 1219 1732">
    <p class='ocr_par' dir='ltr' id='par_1_2' title="bbox 106 469 1218 1228">
     <span class='ocr_line' id='line_1_2' title="bbox 107 469 1215 548; baseline -0.004 -16"><span class='ocrx_word' id='word_1_4' title='bbox 107 471 287 532; x_wconf 88' lang='lat' dir='ltr'><strong>sublevatus.</strong></span> <span class='ocrx_word' id='word_1_5' title='bbox 319 469 409 530; x_wconf 86' lang='lat' dir='ltr'><strong>Cuius</strong></span> <span class='ocrx_word' id='word_1_6' title='bbox 423 469 586 532; x_wconf 87' lang='lat' dir='ltr'><strong>orationem</strong></span> <span class='ocrx_word' id='word_1_7' title='bbox 604 471 708 532; x_wconf 79' lang='lat' dir='ltr'><strong>Caesar</strong></span> <span class='ocrx_word' id='word_1_8' title='bbox 721 469 900 548; x_wconf 74' lang='lat' dir='ltr'>interpellat:</span> <span class='ocrx_word' id='word_1_9' title='bbox 919 488 950 530; x_wconf 91' lang='lat' dir='ltr'><strong>se</strong></span> <span class='ocrx_word' id='word_1_10' title='bbox 966 488 1028 530; x_wconf 90' lang='lat' dir='ltr'><strong>non</strong></span> <span class='ocrx_word' id='word_1_11' title='bbox 1049 471 1215 532; x_wconf 65' lang='lat' dir='ltr'><strong>maleficiis</strong></span> 
     </span>
     <span class='ocr_line' id='line_1_3' title="bbox 107 555 1181 633; baseline 0 -17"><span class='ocrx_word' id='word_1_12' title='bbox 107 573 197 616; x_wconf 90' lang='lat' dir='ltr'><strong>causa</strong></span> <span class='ocrx_word' id='word_1_13' title='bbox 214 574 250 615; x_wconf 81' lang='lat' dir='ltr'><strong>ex</strong></span> <span class='ocrx_word' id='word_1_14' title='bbox 266 555 416 633; x_wconf 88' lang='lat' dir='ltr'><strong>provincia</strong></span> <span class='ocrx_word' id='word_1_15' title='bbox 437 573 599 633; x_wconf 83' lang='lat' dir='ltr'><strong>egressum,</strong></span> <span class='ocrx_word' id='word_1_16' title='bbox 619 556 670 616; x_wconf 88' lang='lat' dir='ltr'><strong>sed</strong></span> <span class='ocrx_word' id='word_1_17' title='bbox 689 555 732 616; x_wconf 91' lang='lat' dir='ltr'><strong>uti</strong></span> <span class='ocrx_word' id='word_1_18' title='bbox 750 572 781 617; x_wconf 90' lang='lat' dir='ltr'><strong>se</strong></span> <span class='ocrx_word' id='word_1_19' title='bbox 802 573 819 615; x_wconf 90' lang='lat' dir='ltr'><strong>a</strong></span> <span class='ocrx_word' id='word_1_20' title='bbox 840 555 1025 615; x_wconf 84' lang='lat' dir='ltr'><strong>contumeliis</strong></span> <span class='ocrx_word' id='word_1_21' title='bbox 1043 555 1181 616; x_wconf 88' lang='lat' dir='ltr'><strong>inimieo-</strong></span> 
     </span>
     <span class='ocr_line' id='line_1_4' title="bbox 106 639 1182 718; baseline -0.001 -17"><span class='ocrx_word' id='word_1_22' title='bbox 106 659 178 701; x_wconf 93' lang='lat' dir='ltr'><strong>rum</strong></span> <span class='ocrx_word' id='word_1_23' title='bbox 197 639 375 711; x_wconf 81' lang='lat' dir='ltr'><strong>detenderet,</strong></span> <span class='ocrx_word' id='word_1_24' title='bbox 396 646 430 699; x_wconf 93' lang='lat' dir='ltr'><strong>ut</strong></span> <span class='ocrx_word' id='word_1_25' title='bbox 442 640 579 700; x_wconf 89' lang='lat' dir='ltr'><strong>tribunos</strong></span> <span class='ocrx_word' id='word_1_26' title='bbox 599 639 691 718; x_wconf 88' lang='lat' dir='ltr'><strong>plebis</strong></span> <span class='ocrx_word' id='word_1_27' title='bbox 709 640 741 700; x_wconf 90' lang='lat' dir='ltr'><strong>in</strong></span> <span class='ocrx_word' id='word_1_28' title='bbox 761 658 794 700; x_wconf 89' lang='lat' dir='ltr'><strong>ea</strong></span> <span class='ocrx_word' id='word_1_29' title='bbox 811 658 844 700; x_wconf 92' lang='lat' dir='ltr'><strong>re</strong></span> <span class='ocrx_word' id='word_1_30' title='bbox 863 657 899 700; x_wconf 85' lang='lat' dir='ltr'><strong>ex</strong></span> <span class='ocrx_word' id='word_1_31' title='bbox 914 639 1026 700; x_wconf 82' lang='lat' dir='ltr'><strong>civitate</strong></span> <span class='ocrx_word' id='word_1_32' title='bbox 1043 641 1182 718; x_wconf 83' lang='lat' dir='ltr'><strong>expulsos</strong></span> 
     </span>
     <span class='ocr_line' id='line_1_5' title="bbox 106 724 1183 803; baseline -0.002 -17"><span class='ocrx_word' id='word_1_33' title='bbox 106 726 141 786; x_wconf 92' lang='lat' dir='ltr'><strong>in</strong></span> <span class='ocrx_word' id='word_1_34' title='bbox 157 743 242 786; x_wconf 92' lang='lat' dir='ltr'><strong>suam</strong></span> <span class='ocrx_word' id='word_1_35' title='bbox 258 725 427 803; x_wconf 86' lang='lat' dir='ltr'><strong>dignitatem</strong></span> <span class='ocrx_word' id='word_1_36' title='bbox 441 725 616 798; x_wconf 88' lang='lat' dir='ltr'><strong>restitueret,</strong></span> <span class='ocrx_word' id='word_1_37' title='bbox 635 732 669 785; x_wconf 93' lang='lat' dir='ltr'><strong>ut</strong></span> <span class='ocrx_word' id='word_1_38' title='bbox 689 743 721 785; x_wconf 91' lang='lat' dir='ltr'><strong>se</strong></span> <span class='ocrx_word' id='word_1_39' title='bbox 739 732 768 784; x_wconf 89' lang='lat' dir='ltr'><strong>et</strong></span> <span class='ocrx_word' id='word_1_40' title='bbox 783 724 928 803; x_wconf 88' lang='lat' dir='ltr'><strong>populum</strong></span> <span class='ocrx_word' id='word_1_41' title='bbox 945 725 1115 786; x_wconf 87' lang='lat' dir='ltr'><strong>Romanum</strong></span> <span class='ocrx_word' id='word_1_42' title='bbox 1138 727 1183 784; x_wconf 88' lang='lat' dir='ltr'><strong>la·</strong></span> 
     </span>
     <span class='ocr_line' id='line_1_6' title="bbox 107 808 1218 889; baseline 0.002 -19"><span class='ocrx_word' id='word_1_43' title='bbox 107 810 204 870; x_wconf 79' lang='lat' dir='ltr'><strong>ctione</strong></span> <span class='ocrx_word' id='word_1_44' title='bbox 218 827 381 889; x_wconf 91' lang='lat' dir='ltr'><strong>paucorum</strong></span> <span class='ocrx_word' id='word_1_45' title='bbox 398 827 574 888; x_wconf 88' lang='lat' dir='ltr'><strong>oppressum</strong></span> <span class='ocrx_word' id='word_1_46' title='bbox 590 810 622 870; x_wconf 92' lang='lat' dir='ltr'><strong>iu</strong></span> <span class='ocrx_word' id='word_1_47' title='bbox 635 808 798 870; x_wconf 88' lang='lat' dir='ltr'><strong>libertatem</strong></span> <span class='ocrx_word' id='word_1_48' title='bbox 815 809 984 870; x_wconf 88' lang='lat' dir='ltr'><strong>vindicaret</strong></span> <span class='ocrx_word' id='word_1_49' title='bbox 1008 808 1098 872; x_wconf 87' lang='lat' dir='ltr'><strong>Cuius</strong></span> <span class='ocrx_word' id='word_1_50' title='bbox 1114 823 1218 872; x_wconf 82' lang='lat' dir='ltr'><strong>ora-o</strong></span> 
     </span>
     <span class='ocr_line' id='line_1_7' title="bbox 107 893 1185 974; baseline -0.003 -19"><span class='ocrx_word' id='word_1_51' title='bbox 107 895 189 956; x_wconf 89' lang='lat' dir='ltr'><strong>tione</strong></span> <span class='ocrx_word' id='word_1_52' title='bbox 210 895 400 954; x_wconf 85' lang='lat' dir='ltr'><strong>confirmatus</strong></span> <span class='ocrx_word' id='word_1_53' title='bbox 420 894 572 967; x_wconf 81' lang='lat' dir='ltr'>Lentulus,</span> <span class='ocrx_word' id='word_1_54' title='bbox 590 902 625 954; x_wconf 92' lang='lat' dir='ltr'><strong>ut</strong></span> <span class='ocrx_word' id='word_1_55' title='bbox 643 894 676 954; x_wconf 89' lang='lat' dir='ltr'><strong>in</strong></span> <span class='ocrx_word' id='word_1_56' title='bbox 695 893 839 972; x_wconf 91' lang='lat' dir='ltr'><strong>oppidum</strong></span> <span class='ocrx_word' id='word_1_57' title='bbox 858 893 966 954; x_wconf 91' lang='lat' dir='ltr'><strong>reverti</strong></span> <span class='ocrx_word' id='word_1_58' title='bbox 983 893 1075 966; x_wconf 85' lang='lat' dir='ltr'><strong>liceat,</strong></span> <span class='ocrx_word' id='word_1_59' title='bbox 1097 894 1185 974; x_wconf 91' lang='lat' dir='ltr'><strong>petit:</strong></span> 
     </span>
     <span class='ocr_line' id='line_1_8' title="bbox 110 978 1185 1058; baseline 0.001 -21"><span class='ocrx_word' id='word_1_60' title='bbox 110 980 192 1058; x_wconf 93' lang='lat' dir='ltr'><strong>quod</strong></span> <span class='ocrx_word' id='word_1_61' title='bbox 207 981 243 1040; x_wconf 90' lang='lat' dir='ltr'><strong>de</strong></span> <span class='ocrx_word' id='word_1_62' title='bbox 252 999 305 1040; x_wconf 91' lang='lat' dir='ltr'><strong>sua</strong></span> <span class='ocrx_word' id='word_1_63' title='bbox 316 979 407 1040; x_wconf 91' lang='lat' dir='ltr'><strong>salute</strong></span> <span class='ocrx_word' id='word_1_64' title='bbox 415 979 623 1057; x_wconf 85' lang='lat' dir='ltr'><strong>impetraverit,</strong></span> <span class='ocrx_word' id='word_1_65' title='bbox 638 981 703 1038; x_wconf 88' lang='lat' dir='ltr'><strong>fore</strong></span> <span class='ocrx_word' id='word_1_66' title='bbox 720 979 807 1040; x_wconf 86' lang='lat' dir='ltr'><strong>etiam</strong></span> <span class='ocrx_word' id='word_1_67' title='bbox 822 978 943 1057; x_wconf 88' lang='lat' dir='ltr'><strong>reliquis</strong></span> <span class='ocrx_word' id='word_1_68' title='bbox 957 978 993 1038; x_wconf 90' lang='lat' dir='ltr'><strong>ad</strong></span> <span class='ocrx_word' id='word_1_69' title='bbox 1004 997 1089 1040; x_wconf 89' lang='lat' dir='ltr'><strong>suam</strong></span> <span class='ocrx_word' id='word_1_70' title='bbox 1101 997 1185 1058; x_wconf 89' lang='lat' dir='ltr'><strong>spem</strong></span> 
     </span>
     <span class='ocr_line' id='line_1_9' title="bbox 111 1063 1185 1142; baseline 0 -18"><span class='ocrx_word' id='word_1_71' title='bbox 111 1064 231 1137; x_wconf 86' lang='lat' dir='ltr'><strong>solatio;</strong></span> <span class='ocrx_word' id='word_1_72' title='bbox 247 1065 320 1125; x_wconf 85' lang='lat' dir='ltr'><strong>adeo</strong></span> <span class='ocrx_word' id='word_1_73' title='bbox 338 1065 583 1142; x_wconf 87' lang='lat' dir='ltr'><strong>esseperterritos</strong></span> <span class='ocrx_word' id='word_1_74' title='bbox 599 1063 768 1136; x_wconf 89' lang='lat' dir='ltr'><strong>nonnullos,</strong></span> <span class='ocrx_word' id='word_1_75' title='bbox 785 1071 819 1124; x_wconf 89' lang='lat' dir='ltr'><strong>ut</strong></span> <span class='ocrx_word' id='word_1_76' title='bbox 832 1082 902 1125; x_wconf 90' lang='lat' dir='ltr'><strong>suae</strong></span> <span class='ocrx_word' id='word_1_77' title='bbox 912 1063 986 1123; x_wconf 88' lang='lat' dir='ltr'><strong>vitae</strong></span> <span class='ocrx_word' id='word_1_78' title='bbox 996 1063 1100 1124; x_wconf 89' lang='lat' dir='ltr'><strong>durius</strong></span> <span class='ocrx_word' id='word_1_79' title='bbox 1111 1081 1185 1124; x_wconf 88' lang='lat' dir='ltr'><strong>con-</strong></span> 
     </span>
     <span class='ocr_line' id='line_1_10' title="bbox 112 1147 809 1228; baseline 0 -20"><span class='ocrx_word' id='word_1_80' title='bbox 112 1149 209 1208; x_wconf 92' lang='lat' dir='ltr'><strong>sulere</strong></span> <span class='ocrx_word' id='word_1_81' title='bbox 231 1157 381 1228; x_wconf 79' lang='lat' dir='ltr'><strong>cogantur.</strong></span> <span class='ocrx_word' id='word_1_82' title='bbox 414 1149 500 1209; x_wconf 87' lang='lat' dir='ltr'><strong>Facta</strong></span> <span class='ocrx_word' id='word_1_83' title='bbox 517 1156 658 1227; x_wconf 76' lang='lat' dir='ltr'><strong>potestate</strong></span> <span class='ocrx_word' id='word_1_84' title='bbox 678 1147 809 1209; x_wconf 76' lang='lat' dir='ltr'><strong>discedit</strong></span> 
     </span>
    </p>

    <p class='ocr_par' dir='ltr' id='par_1_3' title="bbox 109 1231 1219 1732">
     <span class='ocr_line' id='line_1_11' title="bbox 196 1231 1184 1311; baseline -0.002 -17"><span class='ocrx_word' id='word_1_85' title='bbox 196 1231 247 1294; x_wconf 82' lang='lat'><strong>23.</strong></span> <span class='ocrx_word' id='word_1_86' title='bbox 280 1233 394 1304; x_wconf 88' lang='lat' dir='ltr'><strong>Caesar,</strong></span> <span class='ocrx_word' id='word_1_87' title='bbox 409 1233 460 1293; x_wconf 88' lang='lat' dir='ltr'><strong>ubi</strong></span> <span class='ocrx_word' id='word_1_88' title='bbox 474 1234 556 1307; x_wconf 83' lang='lat' dir='ltr'><strong>luxit,</strong></span> <span class='ocrx_word' id='word_1_89' title='bbox 574 1251 678 1294; x_wconf 89' lang='lat' dir='ltr'><strong>omnes</strong></span> <span class='ocrx_word' id='word_1_90' title='bbox 694 1240 845 1294; x_wconf 79' lang='lat' dir='ltr'><strong>senatores</strong></span> <span class='ocrx_word' id='word_1_91' title='bbox 864 1240 1095 1311; x_wconf 76' lang='lat' dir='ltr'><strong>senatorumque</strong></span> <span class='ocrx_word' id='word_1_92' title='bbox 1109 1231 1184 1294; x_wconf 88' lang='lat' dir='ltr'><strong>libe-</strong></span> 
     </span>
     <span class='ocr_line' id='line_1_12' title="bbox 109 1316 1184 1396; baseline -0.001 -19"><span class='ocrx_word' id='word_1_93' title='bbox 109 1336 170 1391; x_wconf 90' lang='lat' dir='ltr'><strong>ros,</strong></span> <span class='ocrx_word' id='word_1_94' title='bbox 195 1317 477 1378; x_wconf 85' lang='lat' dir='ltr'><strong>tribunos&#39;militum</strong></span> <span class='ocrx_word' id='word_1_95' title='bbox 498 1318 669 1396; x_wconf 85' lang='lat' dir='ltr'><strong>equitesque</strong></span> <span class='ocrx_word' id='word_1_96' title='bbox 684 1319 837 1380; x_wconf 87' lang='lat' dir='ltr'><strong>Romanos</strong></span> <span class='ocrx_word' id='word_1_97' title='bbox 856 1316 891 1377; x_wconf 92' lang='lat' dir='ltr'><strong>ad</strong></span> <span class='ocrx_word' id='word_1_98' title='bbox 910 1335 942 1377; x_wconf 91' lang='lat' dir='ltr'><strong>se</strong></span> <span class='ocrx_word' id='word_1_99' title='bbox 956 1318 1081 1395; x_wconf 86' lang='lat' dir='ltr'><strong>produci</strong></span> <span class='ocrx_word' id='word_1_100' title='bbox 1094 1316 1184 1378; x_wconf 86' lang='lat' dir='ltr'><strong>iubet.</strong></span> 
     </span>
     <span class='ocr_line' id='line_1_13' title="bbox 109 1399 1219 1482; baseline 0.003 -20"><span class='ocrx_word' id='word_1_101' title='bbox 109 1403 203 1462; x_wconf 81' lang='lat' dir='ltr'><strong>Erant</strong></span> <span class='ocrx_word' id='word_1_102' title='bbox 217 1403 350 1479; x_wconf 91' lang='lat' dir='ltr'><strong>quinque</strong></span> <span class='ocrx_word' id='word_1_103' title='bbox 366 1402 478 1461; x_wconf 88' lang='lat' dir='ltr'><strong>ordinis</strong></span> <span class='ocrx_word' id='word_1_104' title='bbox 494 1403 640 1474; x_wconf 89' lang='lat' dir='ltr'><strong>senatorii,</strong></span> <span class='ocrx_word' id='word_1_105' title='bbox 656 1401 689 1462; x_wconf 89' lang='lat' dir='ltr'><strong>L.</strong></span> <span class='ocrx_word' id='word_1_106' title='bbox 706 1399 862 1473; x_wconf 86' lang='lat' dir='ltr'><strong>Domitius,</strong></span> <span class='ocrx_word' id='word_1_107' title='bbox 877 1401 910 1461; x_wconf 90' lang='lat' dir='ltr'><strong>P.</strong></span> <span class='ocrx_word' id='word_1_108' title='bbox 927 1402 1071 1463; x_wconf 87' lang='lat' dir='ltr'><strong>Lentulus</strong></span> <span class='ocrx_word' id='word_1_109' title='bbox 1094 1402 1183 1482; x_wconf 88' lang='lat' dir='ltr'><strong>Spin·</strong></span> <span class='ocrx_word' id='word_1_110' title='bbox 1199 1417 1219 1466; x_wconf 79' lang='lat'>2</span> 
     </span>
     <span class='ocr_line' id='line_1_14' title="bbox 111 1484 1184 1563; baseline 0.002 -19"><span class='ocrx_word' id='word_1_111' title='bbox 111 1487 187 1557; x_wconf 90' lang='lat' dir='ltr'><strong>ther,</strong></span> <span class='ocrx_word' id='word_1_112' title='bbox 203 1485 236 1544; x_wconf 91' lang='lat' dir='ltr'><strong>L.</strong></span> <span class='ocrx_word' id='word_1_113' title='bbox 253 1484 391 1544; x_wconf 80' lang='lat' dir='ltr'><strong>Caecilius</strong></span> <span class='ocrx_word' id='word_1_114' title='bbox 405 1486 511 1557; x_wconf 88' lang='lat' dir='ltr'><strong>Rufus,</strong></span> <span class='ocrx_word' id='word_1_115' title='bbox 532 1487 598 1545; x_wconf 82' lang='lat' dir='ltr'><strong>Sex.</strong></span> <span class='ocrx_word' id='word_1_116' title='bbox 619 1485 778 1558; x_wconf 86' lang='lat' dir='ltr'><strong>Quintilius</strong></span> <span class='ocrx_word' id='word_1_117' title='bbox 793 1486 888 1545; x_wconf 83' lang='lat' dir='ltr'><strong>Varus</strong></span> <span class='ocrx_word' id='word_1_118' title='bbox 908 1493 1055 1563; x_wconf 84' lang='lat' dir='ltr'><strong>quaestor,</strong></span> <span class='ocrx_word' id='word_1_119' title='bbox 1071 1487 1103 1546; x_wconf 90' lang='lat' dir='ltr'><strong>L.</strong></span> <span class='ocrx_word' id='word_1_120' title='bbox 1119 1488 1184 1549; x_wconf 87' lang='lat' dir='ltr'><strong>Ru-</strong></span> 
     </span>
     <span class='ocr_line' id='line_1_15' title="bbox 112 1568 1187 1647; baseline 0.001 -18"><span class='ocrx_word' id='word_1_121' title='bbox 112 1569 212 1640; x_wconf 82' lang='lat' dir='ltr'><strong>brius3</strong></span> <span class='ocrx_word' id='word_1_122' title='bbox 235 1575 384 1646; x_wconf 81' lang='lat' dir='ltr'><strong>praeterea</strong></span> <span class='ocrx_word' id='word_1_123' title='bbox 402 1569 479 1628; x_wconf 88' lang='lat' dir='ltr'><strong>filius</strong></span> <span class='ocrx_word' id='word_1_124' title='bbox 499 1568 608 1630; x_wconf 87' lang='lat' dir='ltr'><strong>Domiti</strong></span> <span class='ocrx_word' id='word_1_125' title='bbox 625 1569 731 1647; x_wconf 88' lang='lat' dir='ltr'><strong>aliique</strong></span> <span class='ocrx_word' id='word_1_126' title='bbox 749 1568 917 1647; x_wconf 81' lang='lat' dir='ltr'><strong>complures</strong></span> <span class='ocrx_word' id='word_1_127' title='bbox 936 1570 1136 1631; x_wconf 86' lang='lat' dir='ltr'><strong>adulescentes</strong></span> <span class='ocrx_word' id='word_1_128' title='bbox 1158 1579 1187 1630; x_wconf 87' lang='lat' dir='ltr'><strong>et</strong></span> 
     </span>
     <span class='ocr_line' id='line_1_16' title="bbox 112 1651 1186 1732; baseline 0 -18"><span class='ocrx_word' id='word_1_129' title='bbox 112 1672 240 1732; x_wconf 84' lang='lat' dir='ltr'><strong>magnus</strong></span> <span class='ocrx_word' id='word_1_130' title='bbox 256 1670 400 1712; x_wconf 87' lang='lat' dir='ltr'><strong>numerus</strong></span> <span class='ocrx_word' id='word_1_131' title='bbox 416 1653 548 1732; x_wconf 89' lang='lat' dir='ltr'><strong>equitum</strong></span> <span class='ocrx_word' id='word_1_132' title='bbox 561 1653 767 1717; x_wconf 87' lang='lat' dir='ltr'><strong>Romanorum</strong></span> <span class='ocrx_word' id='word_1_133' title='bbox 783 1659 812 1712; x_wconf 90' lang='lat' dir='ltr'><strong>et</strong></span> <span class='ocrx_word' id='word_1_134' title='bbox 831 1651 1035 1726; x_wconf 83' lang='lat' dir='ltr'><strong>decurionum,</strong></span> <span class='ocrx_word' id='word_1_135' title='bbox 1055 1671 1130 1732; x_wconf 89' lang='lat' dir='ltr'><strong>quos</strong></span> <span class='ocrx_word' id='word_1_136' title='bbox 1151 1673 1186 1714; x_wconf 88' lang='lat' dir='ltr'><strong>ex</strong></span> 
     </span>
    </p>
   </div>
   <div class='ocr_carea' id='block_1_3' title="bbox 113 1737 1221 1816">
    <p class='ocr_par' dir='ltr' id='par_1_4' title="bbox 113 1737 1221 1816">
     <span class='ocr_line' id='line_1_17' title="bbox 113 1737 1221 1816; baseline -0.001 -17"><span class='ocrx_word' id='word_1_137' title='bbox 113 1738 282 1816; x_wconf 87' lang='lat' dir='ltr'><strong>nmnioipiis</strong></span> <span class='ocrx_word' id='word_1_138' title='bbox 299 1737 443 1798; x_wconf 86' lang='lat' dir='ltr'><strong>Domitius</strong></span> <span class='ocrx_word' id='word_1_139' title='bbox 465 1744 642 1798; x_wconf 88' lang='lat' dir='ltr'><strong>evocaverat.</strong></span> <span class='ocrx_word' id='word_1_140' title='bbox 683 1737 745 1798; x_wconf 88' lang='lat' dir='ltr'><strong>llos</strong></span> <span class='ocrx_word' id='word_1_141' title='bbox 768 1754 873 1798; x_wconf 90' lang='lat' dir='ltr'><strong>omnes</strong></span> <span class='ocrx_word' id='word_1_142' title='bbox 894 1737 1055 1814; x_wconf 85' lang='lat' dir='ltr'><strong>productos</strong></span> <span class='ocrx_word' id='word_1_143' title='bbox 1078 1757 1095 1798; x_wconf 93' lang='lat' dir='ltr'><strong>a</strong></span> <span class='ocrx_word' id='word_1_144' title='bbox 1113 1741 1221 1798; x_wconf 73' lang='lat' dir='ltr'><strong>con-3</strong></span> 
     </span>
    </p>
   </div>
   <div class='ocr_carea' id='block_1_4' title="bbox 111 1822 1188 1987">
    <p class='ocr_par' dir='ltr' id='par_1_5' title="bbox 111 1822 1188 1987">
     <span class='ocr_line' id='line_1_18' title="bbox 111 1822 1186 1901; baseline -0.001 -17"><span class='ocrx_word' id='word_1_145' title='bbox 111 1822 381 1894; x_wconf 89' lang='lat' dir='ltr'><strong>tumeliismilitum</strong></span> <span class='ocrx_word' id='word_1_146' title='bbox 398 1823 595 1901; x_wconf 86' lang='lat' dir='ltr'><strong>conviciisque</strong></span> <span class='ocrx_word' id='word_1_147' title='bbox 611 1822 764 1900; x_wconf 79' lang='lat' dir='ltr'><strong>prohibet3</strong></span> <span class='ocrx_word' id='word_1_148' title='bbox 779 1839 871 1901; x_wconf 89' lang='lat' dir='ltr'><strong>pauca</strong></span> <span class='ocrx_word' id='word_1_149' title='bbox 886 1822 963 1901; x_wconf 90' lang='lat' dir='ltr'><strong>apud</strong></span> <span class='ocrx_word' id='word_1_150' title='bbox 980 1840 1031 1882; x_wconf 90' lang='lat' dir='ltr'><strong>eos</strong></span> <span class='ocrx_word' id='word_1_151' title='bbox 1046 1823 1186 1901; x_wconf 91' lang='lat' dir='ltr'><strong>loquitur,</strong></span> 
     </span>
     <span class='ocr_line' id='line_1_19' title="bbox 113 1906 1188 1987; baseline 0.001 -20"><span class='ocrx_word' id='word_1_152' title='bbox 113 1908 193 1986; x_wconf 92' lang='lat' dir='ltr'><strong>quod</strong></span> <span class='ocrx_word' id='word_1_153' title='bbox 213 1908 268 1968; x_wconf 88' lang='lat' dir='ltr'><strong>sibi</strong></span> <span class='ocrx_word' id='word_1_154' title='bbox 285 1927 302 1968; x_wconf 93' lang='lat' dir='ltr'><strong>a</strong></span> <span class='ocrx_word' id='word_1_155' title='bbox 323 1916 405 1984; x_wconf 88' lang='lat' dir='ltr'><strong>parte</strong></span> <span class='ocrx_word' id='word_1_156' title='bbox 426 1926 531 1969; x_wconf 91' lang='lat' dir='ltr'><strong>eorum</strong></span> <span class='ocrx_word' id='word_1_157' title='bbox 553 1907 643 1987; x_wconf 81' lang='lat' dir='ltr'><strong>gratia</strong></span> <span class='ocrx_word' id='word_1_158' title='bbox 664 1907 752 1967; x_wconf 86' lang='lat' dir='ltr'><strong>relata</strong></span> <span class='ocrx_word' id='word_1_159' title='bbox 771 1924 833 1967; x_wconf 92' lang='lat' dir='ltr'><strong>non</strong></span> <span class='ocrx_word' id='word_1_160' title='bbox 858 1906 895 1968; x_wconf 89' lang='lat' dir='ltr'><strong>sit</strong></span> <span class='ocrx_word' id='word_1_161' title='bbox 920 1925 974 1986; x_wconf 88' lang='lat' dir='ltr'><strong>pro</strong></span> <span class='ocrx_word' id='word_1_162' title='bbox 1002 1907 1063 1968; x_wconf 91' lang='lat' dir='ltr'><strong>suis</strong></span> <span class='ocrx_word' id='word_1_163' title='bbox 1082 1907 1115 1967; x_wconf 93' lang='lat' dir='ltr'><strong>in</strong></span> <span class='ocrx_word' id='word_1_164' title='bbox 1136 1926 1188 1968; x_wconf 89' lang='lat' dir='ltr'><strong>eos</strong></span> 
     </span>
    </p>
   </div>
   <div class='ocr_carea' id='block_1_5' title="bbox 112 2105 1198 4016">
    <p class='ocr_par' dir='ltr' id='par_1_6' title="bbox 112 2105 1194 3196">
     <span class='ocr_line' id='line_1_20' title="bbox 114 2105 1188 2172; baseline 0.001 -15"><span class='ocrx_word' id='word_1_165' title='bbox 114 2105 205 2158; x_wconf 85' lang='lat' dir='ltr'><strong>Gosetz</strong></span> <span class='ocrx_word' id='word_1_166' title='bbox 226 2107 259 2156; x_wconf 89' lang='lat' dir='ltr'><strong>im</strong></span> <span class='ocrx_word' id='word_1_167' title='bbox 282 2107 304 2157; x_wconf 86' lang='lat' dir='ltr'><strong>J.</strong></span> <span class='ocrx_word' id='word_1_168' title='bbox 329 2111 362 2161; x_wconf 83' lang='lat'><strong>60</strong></span> <span class='ocrx_word' id='word_1_169' title='bbox 384 2121 432 2157; x_wconf 93' lang='lat' dir='ltr'><strong>vor</strong></span> <span class='ocrx_word' id='word_1_170' title='bbox 455 2108 502 2158; x_wconf 90' lang='lat' dir='ltr'><strong>deu</strong></span> <span class='ocrx_word' id='word_1_171' title='bbox 520 2108 626 2159; x_wconf 82' lang='lat' dir='ltr'><strong>Consul·</strong></span> <span class='ocrx_word' id='word_1_172' title='bbox 676 2112 752 2159; x_wconf 76' lang='lat' dir='ltr'><strong>eatute</strong></span> <span class='ocrx_word' id='word_1_173' title='bbox 765 2111 933 2170; x_wconf 61' lang='lat' dir='ltr'><strong>mutaverit.</strong></span> <span class='ocrx_word' id='word_1_174' title='bbox 952 2106 1188 2172; x_wconf 78' lang='lat' dir='ltr'><strong>MltdetinBetreff,</strong></span> 
     </span>
     <span class='ocr_line' id='line_1_21' title="bbox 112 2175 1190 2241; baseline 0.003 -17"><span class='ocrx_word' id='word_1_175' title='bbox 112 2176 213 2226; x_wconf 81' lang='lat' dir='ltr'><strong>wellen</strong></span> <span class='ocrx_word' id='word_1_176' title='bbox 243 2175 298 2225; x_wconf 85' lang='lat' dir='ltr'><strong>ihre</strong></span> <span class='ocrx_word' id='word_1_177' title='bbox 321 2175 461 2226; x_wconf 88' lang='lat' dir='ltr'><strong>Provinzen</strong></span> <span class='ocrx_word' id='word_1_178' title='bbox 491 2177 625 2241; x_wconf 81' lang='lat' dir='ltr'><strong>bestimmt,</strong></span> <span class='ocrx_word' id='word_1_179' title='bbox 676 2176 865 2239; x_wconf 82' lang='lat' dir='ltr'><strong>riicksichtlieh)</strong></span> <span class='ocrx_word' id='word_1_180' title='bbox 905 2177 1007 2226; x_wconf 88' lang='lat' dir='ltr'><strong>werden</strong></span> <span class='ocrx_word' id='word_1_181' title='bbox 1053 2176 1190 2227; x_wconf 88' lang='lat' dir='ltr'><strong>transitive</strong></span> 
     </span>
     <span class='ocr_line' id='line_1_22' title="bbox 112 2242 1191 2309; baseline 0 -15"><span class='ocrx_word' id='word_1_182' title='bbox 112 2245 164 2294; x_wconf 90' lang='lat' dir='ltr'><strong>und</strong></span> <span class='ocrx_word' id='word_1_183' title='bbox 186 2258 256 2293; x_wconf 81' lang='lat' dir='ltr'><strong>zwar</strong></span> <span class='ocrx_word' id='word_1_184' title='bbox 276 2242 359 2307; x_wconf 82' lang='lat' dir='ltr'><strong>jenem</strong></span> <span class='ocrx_word' id='word_1_185' title='bbox 381 2243 423 2294; x_wconf 83' lang='lat' dir='ltr'><strong>liir</strong></span> <span class='ocrx_word' id='word_1_186' title='bbox 440 2246 485 2294; x_wconf 85' lang='lat' dir='ltr'><strong>das</strong></span> <span class='ocrx_word' id='word_1_187' title='bbox 503 2246 565 2296; x_wconf 87' lang='lat' dir='ltr'><strong>Jahr</strong></span> <span class='ocrx_word' id='word_1_188' title='bbox 583 2249 624 2309; x_wconf 84' lang='lat'><strong>59,</strong></span> <span class='ocrx_word' id='word_1_189' title='bbox 676 2243 763 2297; x_wconf 87' lang='lat' dir='ltr'><strong>Verba</strong></span> <span class='ocrx_word' id='word_1_190' title='bbox 779 2244 821 2295; x_wconf 86' lang='lat' dir='ltr'><strong>bei</strong></span> <span class='ocrx_word' id='word_1_191' title='bbox 842 2244 921 2296; x_wconf 78' lang='lat' dir='ltr'><strong>Cissa</strong></span> <span class='ocrx_word' id='word_1_192' title='bbox 943 2245 1002 2294; x_wconf 86' lang='lat' dir='ltr'><strong>sehr</strong></span> <span class='ocrx_word' id='word_1_193' title='bbox 1024 2245 1110 2309; x_wconf 76' lang='lat' dir='ltr'><strong>hiiulig</strong></span> <span class='ocrx_word' id='word_1_194' title='bbox 1128 2261 1191 2296; x_wconf 84' lang='lat' dir='ltr'><strong>ver-</strong></span> 
     </span>
     <span class='ocr_line' id='line_1_23' title="bbox 114 2310 1188 2377; baseline 0.005 -15"><span class='ocrx_word' id='word_1_195' title='bbox 114 2312 206 2362; x_wconf 86' lang='lat' dir='ltr'><strong>diesem</strong></span> <span class='ocrx_word' id='word_1_196' title='bbox 231 2310 273 2361; x_wconf 76' lang='lat' dir='ltr'><strong>tur</strong></span> <span class='ocrx_word' id='word_1_197' title='bbox 296 2313 340 2362; x_wconf 85' lang='lat' dir='ltr'><strong>das</strong></span> <span class='ocrx_word' id='word_1_198' title='bbox 363 2313 427 2362; x_wconf 82' lang='lat' dir='ltr'><strong>Jaur</strong></span> <span class='ocrx_word' id='word_1_199' title='bbox 450 2315 490 2365; x_wconf 79' lang='lat'><strong>58.</strong></span> <span class='ocrx_word' id='word_1_200' title='bbox 524 2314 627 2365; x_wconf 84' lang='lat' dir='ltr'><strong>Hierbei</strong></span> <span class='ocrx_word' id='word_1_201' title='bbox 676 2313 782 2364; x_wconf 81' lang='lat' dir='ltr'><strong>lunden.</strong></span> <span class='ocrx_word' id='word_1_202' title='bbox 800 2312 825 2362; x_wconf 88' lang='lat' dir='ltr'><strong>S.</strong></span> <span class='ocrx_word' id='word_1_203' title='bbox 843 2315 868 2375; x_wconf 87' lang='grc'><strong>3,</strong></span> <span class='ocrx_word' id='word_1_204' title='bbox 889 2314 945 2374; x_wconf 85' lang='lat'><strong>101,</strong></span> <span class='ocrx_word' id='word_1_205' title='bbox 965 2315 993 2374; x_wconf 83' lang='lat'><strong>13</strong></span> <span class='ocrx_word' id='word_1_206' title='bbox 1010 2313 1036 2362; x_wconf 87' lang='lat' dir='ltr'><strong>B.</strong></span> <span class='ocrx_word' id='word_1_207' title='bbox 1055 2312 1084 2363; x_wconf 84' lang='lat' dir='ltr'><strong>G.</strong></span> <span class='ocrx_word' id='word_1_208' title='bbox 1103 2316 1127 2376; x_wconf 83' lang='lat'><strong>4,</strong></span> <span class='ocrx_word' id='word_1_209' title='bbox 1149 2315 1188 2377; x_wconf 84' lang='lat'><strong>13,</strong></span> 
     </span>
     <span class='ocr_line' id='line_1_24' title="bbox 113 2379 1190 2446; baseline 0.002 -16"><span class='ocrx_word' id='word_1_210' title='bbox 113 2381 207 2431; x_wconf 85' lang='lat' dir='ltr'><strong>kounte</strong></span> <span class='ocrx_word' id='word_1_211' title='bbox 231 2379 311 2429; x_wconf 83' lang='lat' dir='ltr'><strong>Glisar</strong></span> <span class='ocrx_word' id='word_1_212' title='bbox 333 2382 388 2431; x_wconf 84' lang='lat' dir='ltr'><strong>darn</strong></span> <span class='ocrx_word' id='word_1_213' title='bbox 412 2380 532 2446; x_wconf 83' lang='lat' dir='ltr'><strong>Lentulus</strong></span> <span class='ocrx_word' id='word_1_214' title='bbox 556 2382 626 2431; x_wconf 87' lang='lat' dir='ltr'><strong>nielrt</strong></span> <span class='ocrx_word' id='word_1_215' title='bbox 678 2385 707 2444; x_wconf 73' lang='grc' dir='ltr'><strong>ὅς</strong></span> <span class='ocrx_word' id='word_1_216' title='bbox 728 2385 751 2444; x_wconf 89' lang='grc'><strong>1,</strong></span> <span class='ocrx_word' id='word_1_217' title='bbox 769 2383 812 2443; x_wconf 98' lang='grc'><strong>42,</strong></span> <span class='ocrx_word' id='word_1_218' title='bbox 833 2383 859 2442; x_wconf 80' lang='grc'><strong>1;</strong></span> <span class='ocrx_word' id='word_1_219' title='bbox 881 2383 904 2443; x_wconf 89' lang='grc'><strong>1,</strong></span> <span class='ocrx_word' id='word_1_220' title='bbox 922 2382 964 2441; x_wconf 89' lang='grc'><strong>44,</strong></span> <span class='ocrx_word' id='word_1_221' title='bbox 983 2383 1006 2431; x_wconf 91' lang='grc'><strong>4.</strong></span> <span class='ocrx_word' id='word_1_222' title='bbox 1026 2408 1058 2416; x_wconf 93' lang='grc'><strong>-</strong></span> <span class='ocrx_word' id='word_1_223' title='bbox 1075 2385 1109 2431; x_wconf 85' lang='lat' dir='ltr'><strong>ad</strong></span> <span class='ocrx_word' id='word_1_224' title='bbox 1121 2397 1190 2432; x_wconf 79' lang='lat' dir='ltr'><strong>suam</strong></span> 
     </span>
     <span class='ocr_line' id='line_1_25' title="bbox 113 2445 1191 2511; baseline -0.001 -12"><span class='ocrx_word' id='word_1_225' title='bbox 113 2447 248 2499; x_wconf 83' lang='lat' dir='ltr'><strong>beliiltliclr</strong></span> <span class='ocrx_word' id='word_1_226' title='bbox 271 2448 339 2510; x_wconf 87' lang='lat' dir='ltr'><strong>seia,</strong></span> <span class='ocrx_word' id='word_1_227' title='bbox 363 2449 428 2498; x_wconf 88' lang='lat' dir='ltr'><strong>deun</strong></span> <span class='ocrx_word' id='word_1_228' title='bbox 445 2463 474 2498; x_wconf 88' lang='lat' dir='ltr'><strong>er</strong></span> <span class='ocrx_word' id='word_1_229' title='bbox 490 2464 546 2498; x_wconf 84' lang='lat' dir='ltr'><strong>war</strong></span> <span class='ocrx_word' id='word_1_230' title='bbox 562 2451 627 2499; x_wconf 85' lang='lat' dir='ltr'><strong>noclr</strong></span> <span class='ocrx_word' id='word_1_231' title='bbox 677 2465 754 2510; x_wconf 70' lang='lat' dir='ltr'><strong>apem</strong></span> <span class='ocrx_word' id='word_1_232' title='bbox 772 2448 798 2497; x_wconf 89' lang='lat' dir='ltr'><strong>in</strong></span> <span class='ocrx_word' id='word_1_233' title='bbox 815 2449 899 2511; x_wconf 71' lang='lat' dir='ltr'><strong>Bezug</strong></span> <span class='ocrx_word' id='word_1_234' title='bbox 916 2445 968 2509; x_wconf 87' lang='lat' dir='ltr'><strong>aul,</strong></span> <span class='ocrx_word' id='word_1_235' title='bbox 987 2445 1029 2496; x_wconf 80' lang='lat' dir='ltr'><strong>l&#39;ur</strong></span> <span class='ocrx_word' id='word_1_236' title='bbox 1044 2447 1100 2498; x_wconf 86' lang='lat' dir='ltr'><strong>ihre</strong></span> <span class='ocrx_word' id='word_1_237' title='bbox 1118 2447 1191 2498; x_wconf 76' lang='grc'>11011-</span> 
     </span>
     <span class='ocr_line' id='line_1_26' title="bbox 114 2514 1189 2580; baseline 0.005 -16"><span class='ocrx_word' id='word_1_238' title='bbox 114 2516 186 2565; x_wconf 85' lang='lat' dir='ltr'><strong>nicht</strong></span> <span class='ocrx_word' id='word_1_239' title='bbox 204 2515 303 2565; x_wconf 89' lang='lat' dir='ltr'><strong>Consul.</strong></span> <span class='ocrx_word' id='word_1_240' title='bbox 333 2515 402 2564; x_wconf 75' lang='lat' dir='ltr'><strong>Ater</strong></span> <span class='ocrx_word' id='word_1_241' title='bbox 420 2515 500 2566; x_wconf 83' lang='lat' dir='ltr'><strong>Ciisar</strong></span> <span class='ocrx_word' id='word_1_242' title='bbox 516 2515 630 2567; x_wconf 83' lang='lat' dir='ltr'><strong>vcrwarl</strong></span> <span class='ocrx_word' id='word_1_243' title='bbox 678 2532 745 2580; x_wconf 64' lang='lat' dir='ltr'><strong>unns</strong></span> <span class='ocrx_word' id='word_1_244' title='bbox 762 2514 808 2565; x_wconf 81' lang='lat' dir='ltr'><strong>aus</strong></span> <span class='ocrx_word' id='word_1_245' title='bbox 817 2515 939 2578; x_wconf 70' lang='lat' dir='ltr'><strong>llettuu53</strong></span> <span class='ocrx_word' id='word_1_246' title='bbox 958 2529 979 2562; x_wconf 89' lang='lat' dir='ltr'><strong>e.</strong></span> <span class='ocrx_word' id='word_1_247' title='bbox 997 2516 1039 2576; x_wconf 84' lang='lat'><strong>29,</strong></span> <span class='ocrx_word' id='word_1_248' title='bbox 1057 2519 1085 2577; x_wconf 82' lang='lat'><strong>13</strong></span> <span class='ocrx_word' id='word_1_249' title='bbox 1103 2518 1127 2577; x_wconf 86' lang='grc'><strong>2,</strong></span> <span class='ocrx_word' id='word_1_250' title='bbox 1146 2519 1189 2579; x_wconf 90' lang='grc'><strong>28,</strong></span> 
     </span>
     <span class='ocr_line' id='line_1_27' title="bbox 114 2582 1193 2650; baseline 0 -16"><span class='ocrx_word' id='word_1_251' title='bbox 114 2584 201 2650; x_wconf 71' lang='lat' dir='ltr'><strong>spiter</strong></span> <span class='ocrx_word' id='word_1_252' title='bbox 223 2582 263 2632; x_wconf 90' lang='lat' dir='ltr'><strong>die</strong></span> <span class='ocrx_word' id='word_1_253' title='bbox 286 2583 338 2632; x_wconf 86' lang='lat' dir='ltr'><strong>ihm</strong></span> <span class='ocrx_word' id='word_1_254' title='bbox 361 2583 501 2634; x_wconf 85' lang='lat' dir='ltr'><strong>bestimmte</strong></span> <span class='ocrx_word' id='word_1_255' title='bbox 519 2583 628 2634; x_wconf 77' lang='lat' dir='ltr'><strong>Proviuz</strong></span> <span class='ocrx_word' id='word_1_256' title='bbox 679 2587 702 2636; x_wconf 84' lang='lat'><strong>3.</strong></span> <span class='ocrx_word' id='word_1_257' title='bbox 720 2611 754 2620; x_wconf 89' lang='lat'>—</span> <span class='ocrx_word' id='word_1_258' title='bbox 770 2593 797 2634; x_wconf 78' lang='lat' dir='ltr'><strong>ut</strong></span> <span class='ocrx_word' id='word_1_259' title='bbox 814 2600 871 2633; x_wconf 78' lang='lat' dir='ltr'><strong>auae</strong></span> <span class='ocrx_word' id='word_1_260' title='bbox 887 2587 949 2632; x_wconf 75' lang='lat' dir='ltr'><strong>ustae</strong></span> <span class='ocrx_word' id='word_1_261' title='bbox 966 2586 1053 2633; x_wconf 77' lang='lat' dir='ltr'><strong>durius</strong></span> <span class='ocrx_word' id='word_1_262' title='bbox 1070 2589 1193 2634; x_wconf 74' lang='lat' dir='ltr'><strong>manutere</strong></span> 
     </span>
     <span class='ocr_line' id='line_1_28' title="bbox 114 2649 1193 2717; baseline 0 -15"><span class='ocrx_word' id='word_1_263' title='bbox 114 2652 165 2702; x_wconf 89' lang='lat' dir='ltr'><strong>und</strong></span> <span class='ocrx_word' id='word_1_264' title='bbox 194 2651 254 2701; x_wconf 89' lang='lat' dir='ltr'><strong>liess</strong></span> <span class='ocrx_word' id='word_1_265' title='bbox 284 2650 338 2700; x_wconf 87' lang='lat' dir='ltr'><strong>sielr</strong></span> <span class='ocrx_word' id='word_1_266' title='bbox 372 2652 450 2700; x_wconf 89' lang='lat' dir='ltr'><strong>durch</strong></span> <span class='ocrx_word' id='word_1_267' title='bbox 485 2652 530 2702; x_wconf 86' lang='lat' dir='ltr'><strong>das</strong></span> <span class='ocrx_word' id='word_1_268' title='bbox 561 2651 628 2704; x_wconf 82' lang='lat' dir='ltr'><strong>Volk</strong></span> <span class='ocrx_word' id='word_1_269' title='bbox 677 2661 800 2717; x_wconf 63' lang='lat' dir='ltr'><strong>ementur,</strong></span> <span class='ocrx_word' id='word_1_270' title='bbox 819 2649 1039 2717; x_wconf 86' lang='lat' dir='ltr'><strong>euphemistisclrer</strong></span> <span class='ocrx_word' id='word_1_271' title='bbox 1056 2650 1193 2702; x_wconf 76' lang='lat' dir='ltr'><strong>Ausdruck</strong></span> 
     </span>
     <span class='ocr_line' id='line_1_29' title="bbox 116 2715 1191 2784; baseline 0 -13"><span class='ocrx_word' id='word_1_272' title='bbox 116 2719 216 2771; x_wconf 85' lang='lat' dir='ltr'><strong>Gallien</strong></span> <span class='ocrx_word' id='word_1_273' title='bbox 234 2719 320 2784; x_wconf 73' lang='lat' dir='ltr'><strong>geben.</strong></span> <span class='ocrx_word' id='word_1_274' title='bbox 342 2719 412 2769; x_wconf 85' lang='lat' dir='ltr'><strong>Jetzt</strong></span> <span class='ocrx_word' id='word_1_275' title='bbox 431 2720 523 2771; x_wconf 84' lang='lat' dir='ltr'><strong>konnte</strong></span> <span class='ocrx_word' id='word_1_276' title='bbox 541 2735 569 2771; x_wconf 90' lang='lat' dir='ltr'><strong>er</strong></span> <span class='ocrx_word' id='word_1_277' title='bbox 586 2721 627 2771; x_wconf 90' lang='lat' dir='ltr'><strong>die</strong></span> <span class='ocrx_word' id='word_1_278' title='bbox 678 2715 807 2770; x_wconf 79' lang='lat' dir='ltr'><strong>lur‘lland</strong></span> <span class='ocrx_word' id='word_1_279' title='bbox 821 2735 852 2768; x_wconf 85' lang='lat' dir='ltr'><strong>an</strong></span> <span class='ocrx_word' id='word_1_280' title='bbox 870 2717 924 2770; x_wconf 86' lang='lat' dir='ltr'><strong>sich</strong></span> <span class='ocrx_word' id='word_1_281' title='bbox 941 2715 1041 2782; x_wconf 75' lang='lat' dir='ltr'><strong>legen⁸;</strong></span> <span class='ocrx_word' id='word_1_282' title='bbox 1060 2736 1080 2770; x_wconf 91' lang='lat' dir='ltr'><strong>c.</strong></span> <span class='ocrx_word' id='word_1_283' title='bbox 1099 2722 1140 2783; x_wconf 89' lang='grc'><strong>84,</strong></span> <span class='ocrx_word' id='word_1_284' title='bbox 1161 2724 1191 2773; x_wconf 81' lang='lat'><strong>5:</strong></span> 
     </span>
     <span class='ocr_line' id='line_1_30' title="bbox 114 2787 1194 2853; baseline 0.001 -15"><span class='ocrx_word' id='word_1_285' title='bbox 114 2794 208 2838; x_wconf 86' lang='lat' dir='ltr'><strong>vacant</strong></span> <span class='ocrx_word' id='word_1_286' title='bbox 242 2788 391 2851; x_wconf 73' lang='lat' dir='ltr'><strong>gewordene</strong></span> <span class='ocrx_word' id='word_1_287' title='bbox 428 2787 537 2838; x_wconf 82' lang='lat' dir='ltr'><strong>Provinz</strong></span> <span class='ocrx_word' id='word_1_288' title='bbox 572 2789 627 2840; x_wconf 87' lang='lat' dir='ltr'><strong>dem</strong></span> <span class='ocrx_word' id='word_1_289' title='bbox 678 2805 755 2853; x_wconf 78' lang='lat' dir='ltr'><strong>orare,</strong></span> <span class='ocrx_word' id='word_1_290' title='bbox 780 2805 810 2840; x_wconf 80' lang='lat' dir='ltr'><strong>ae</strong></span> <span class='ocrx_word' id='word_1_291' title='bbox 839 2791 874 2839; x_wconf 85' lang='lat' dir='ltr'><strong>ad</strong></span> <span class='ocrx_word' id='word_1_292' title='bbox 902 2791 1015 2838; x_wconf 75' lang='lat' dir='ltr'><strong>ultimum</strong></span> <span class='ocrx_word' id='word_1_293' title='bbox 1045 2793 1194 2851; x_wconf 71' lang='lat' dir='ltr'><strong>supplicium</strong></span> 
     </span>
     <span class='ocr_line' id='line_1_31' title="bbox 115 2857 1192 2923; baseline 0 -15"><span class='ocrx_word' id='word_1_294' title='bbox 115 2857 236 2908; x_wconf 76' lang='lat' dir='ltr'><strong>lentulus</strong></span> <span class='ocrx_word' id='word_1_295' title='bbox 251 2857 395 2919; x_wconf 86' lang='lat' dir='ltr'><strong>zuwoudeu,</strong></span> <span class='ocrx_word' id='word_1_296' title='bbox 415 2857 516 2908; x_wconf 86' lang='lat' dir='ltr'><strong>obwohl</strong></span> <span class='ocrx_word' id='word_1_297' title='bbox 534 2857 627 2908; x_wconf 81' lang='lat' dir='ltr'><strong>diesem</strong></span> <span class='ocrx_word' id='word_1_298' title='bbox 675 2861 791 2923; x_wconf 65' lang='lat' dir='ltr'><strong>praesedi</strong></span> <span class='ocrx_word' id='word_1_299' title='bbox 811 2874 901 2908; x_wconf 73' lang='lat' dir='ltr'><strong>meere</strong></span> <span class='ocrx_word' id='word_1_300' title='bbox 923 2859 1024 2908; x_wconf 76' lang='lat' dir='ltr'><strong>labeant</strong></span> <span class='ocrx_word' id='word_1_301' title='bbox 1053 2857 1111 2920; x_wconf 78' lang='lat' dir='ltr'><strong>(wie</strong></span> <span class='ocrx_word' id='word_1_302' title='bbox 1134 2857 1192 2909; x_wconf 86' lang='lat' dir='ltr'><strong>lrier</strong></span> 
     </span>
     <span class='ocr_line' id='line_1_32' title="bbox 115 2925 1172 2992; baseline 0 -16"><span class='ocrx_word' id='word_1_303' title='bbox 115 2925 210 2976; x_wconf 88' lang='lat' dir='ltr'><strong>beroits</strong></span> <span class='ocrx_word' id='word_1_304' title='bbox 221 2925 276 2976; x_wconf 89' lang='lat' dir='ltr'><strong>eine</strong></span> <span class='ocrx_word' id='word_1_305' title='bbox 288 2925 380 2975; x_wconf 85' lang='lat' dir='ltr'><strong>andere</strong></span> <span class='ocrx_word' id='word_1_306' title='bbox 387 2925 627 2977; x_wconf 86' lang='lat' dir='ltr'><strong>Proviuzbestimmt</strong></span> <span class='ocrx_word' id='word_1_307' title='bbox 677 2936 793 2992; x_wconf 68' lang='lat' dir='ltr'><strong>mentor</strong></span> <span class='ocrx_word' id='word_1_308' title='bbox 810 2925 915 2976; x_wconf 82' lang='lat' dir='ltr'><strong>==siel1</strong></span> <span class='ocrx_word' id='word_1_309' title='bbox 932 2925 1064 2990; x_wconf 71' lang='lat' dir='ltr'><strong>gentitlrist</strong></span> <span class='ocrx_word' id='word_1_310' title='bbox 1080 2927 1172 2988; x_wconf 77' lang='lat' dir='ltr'><strong>salient.</strong></span> 
     </span>
     <span class='ocr_line' id='line_1_33' title="bbox 114 2989 1192 3059; baseline 0.001 -16"><span class='ocrx_word' id='word_1_311' title='bbox 114 3009 178 3057; x_wconf 78' lang='lat' dir='ltr'><strong>war,</strong></span> <span class='ocrx_word' id='word_1_312' title='bbox 196 2995 289 3058; x_wconf 70' lang='lat' dir='ltr'><strong>genade</strong></span> <span class='ocrx_word' id='word_1_313' title='bbox 299 2993 349 3044; x_wconf 82' lang='lat' dir='ltr'><strong>wie</strong></span> <span class='ocrx_word' id='word_1_314' title='bbox 367 2993 413 3044; x_wconf 87' lang='lat' dir='ltr'><strong>der</strong></span> <span class='ocrx_word' id='word_1_315' title='bbox 423 2994 516 3046; x_wconf 86' lang='lat' dir='ltr'><strong>Consul</strong></span> <span class='ocrx_word' id='word_1_316' title='bbox 530 2994 627 3059; x_wconf 84' lang='lat' dir='ltr'><strong>Cicero,</strong></span> <span class='ocrx_word' id='word_1_317' title='bbox 714 2989 766 3052; x_wconf 77' lang='lat'><strong>28.</strong></span> <span class='ocrx_word' id='word_1_318' title='bbox 797 2996 817 3046; x_wconf 91' lang='lat'><strong>1.</strong></span> <span class='ocrx_word' id='word_1_319' title='bbox 845 2997 889 3044; x_wconf 75' lang='lat' dir='ltr'><strong>ult</strong></span> <span class='ocrx_word' id='word_1_320' title='bbox 915 2997 983 3044; x_wconf 66' lang='lat' dir='ltr'><strong>luet.</strong></span> <span class='ocrx_word' id='word_1_321' title='bbox 1018 2993 1052 3044; x_wconf 86' lang='lat' dir='ltr'><strong>Es</strong></span> <span class='ocrx_word' id='word_1_322' title='bbox 1072 3010 1128 3045; x_wconf 83' lang='lat' dir='ltr'><strong>war</strong></span> <span class='ocrx_word' id='word_1_323' title='bbox 1145 2996 1192 3046; x_wconf 85' lang='lat' dir='ltr'><strong>der</strong></span> 
     </span>
     <span class='ocr_line' id='line_1_34' title="bbox 116 3061 1189 3126; baseline 0.001 -14"><span class='ocrx_word' id='word_1_324' title='bbox 116 3063 154 3112; x_wconf 85' lang='lat' dir='ltr'><strong>als</strong></span> <span class='ocrx_word' id='word_1_325' title='bbox 177 3077 206 3113; x_wconf 92' lang='lat' dir='ltr'><strong>er</strong></span> <span class='ocrx_word' id='word_1_326' title='bbox 225 3061 265 3112; x_wconf 91' lang='lat' dir='ltr'><strong>die</strong></span> <span class='ocrx_word' id='word_1_327' title='bbox 290 3061 342 3112; x_wconf 90' lang='lat' dir='ltr'><strong>ihm</strong></span> <span class='ocrx_word' id='word_1_328' title='bbox 360 3063 500 3114; x_wconf 82' lang='lat' dir='ltr'><strong>bestimmte</strong></span> <span class='ocrx_word' id='word_1_329' title='bbox 518 3062 627 3114; x_wconf 84' lang='lat' dir='ltr'><strong>Provinz</strong></span> <span class='ocrx_word' id='word_1_330' title='bbox 678 3062 783 3126; x_wconf 71' lang='lat' dir='ltr'><strong>Murgan</strong></span> <span class='ocrx_word' id='word_1_331' title='bbox 801 3063 844 3112; x_wconf 85' lang='lat' dir='ltr'><strong>dos</strong></span> <span class='ocrx_word' id='word_1_332' title='bbox 863 3065 904 3115; x_wconf 95' lang='grc'><strong>21.</strong></span> <span class='ocrx_word' id='word_1_333' title='bbox 916 3061 1004 3125; x_wconf 68' lang='lat' dir='ltr'><strong>rete,</strong></span> <span class='ocrx_word' id='word_1_334' title='bbox 1024 3062 1074 3112; x_wconf 87' lang='lat' dir='ltr'><strong>Cic.</strong></span> <span class='ocrx_word' id='word_1_335' title='bbox 1091 3063 1125 3112; x_wconf 86' lang='lat' dir='ltr'><strong>ad</strong></span> <span class='ocrx_word' id='word_1_336' title='bbox 1136 3062 1189 3114; x_wconf 78' lang='lat' dir='ltr'><strong>Are</strong></span> 
     </span>
     <span class='ocr_line' id='line_1_35' title="bbox 116 3127 941 3196; baseline 0.001 -16"><span class='ocrx_word' id='word_1_337' title='bbox 116 3127 201 3180; x_wconf 83' lang='lat' dir='ltr'><strong>Gallia</strong></span> <span class='ocrx_word' id='word_1_338' title='bbox 212 3129 537 3196; x_wconf 72' lang='lat' dir='ltr'><strong>cisaljoinauusgesehlogen</strong></span> <span class='ocrx_word' id='word_1_339' title='bbox 547 3134 627 3196; x_wconf 79' lang='lat' dir='ltr'><strong>hatte,</strong></span> <span class='ocrx_word' id='word_1_340' title='bbox 679 3133 703 3194; x_wconf 86' lang='lat'><strong>8,</strong></span> <span class='ocrx_word' id='word_1_341' title='bbox 725 3132 764 3195; x_wconf 93' lang='grc'><strong>14,</strong></span> <span class='ocrx_word' id='word_1_342' title='bbox 785 3133 854 3195; x_wconf 83' lang='lat'><strong>139,</strong></span> <span class='ocrx_word' id='word_1_343' title='bbox 876 3132 899 3194; x_wconf 90' lang='grc'><strong>1,</strong></span> <span class='ocrx_word' id='word_1_344' title='bbox 920 3132 941 3183; x_wconf 94' lang='grc'><strong>1.</strong></span> 
     </span>
    </p>

    <p class='ocr_par' dir='ltr' id='par_1_7' title="bbox 115 3197 1192 3398">
     <span class='ocr_line' id='line_1_36' title="bbox 116 3197 1192 3261; baseline -0.001 -12"><span class='ocrx_word' id='word_1_345' title='bbox 116 3199 184 3249; x_wconf 81' lang='lat' dir='ltr'><strong>disse</strong></span> <span class='ocrx_word' id='word_1_346' title='bbox 203 3198 267 3248; x_wconf 65' lang='lat' dir='ltr'><strong>&#39;dem</strong></span> <span class='ocrx_word' id='word_1_347' title='bbox 293 3197 385 3248; x_wconf 84' lang='lat' dir='ltr'><strong>Priitor</strong></span> <span class='ocrx_word' id='word_1_348' title='bbox 407 3199 524 3251; x_wconf 87' lang='lat' dir='ltr'><strong>Metellus</strong></span> <span class='ocrx_word' id='word_1_349' title='bbox 549 3215 627 3250; x_wconf 81' lang='lat' dir='ltr'><strong>zuen·</strong></span> <span class='ocrx_word' id='word_1_350' title='bbox 713 3201 737 3252; x_wconf 92' lang='grc'><strong>2.</strong></span> <span class='ocrx_word' id='word_1_351' title='bbox 755 3203 917 3250; x_wconf 72' lang='lat' dir='ltr'><strong>demetoemn.</strong></span> <span class='ocrx_word' id='word_1_352' title='bbox 934 3197 959 3248; x_wconf 87' lang='lat' dir='ltr'><strong>S.</strong></span> <span class='ocrx_word' id='word_1_353' title='bbox 977 3214 1009 3248; x_wconf 82' lang='lat' dir='ltr'><strong>zu</strong></span> <span class='ocrx_word' id='word_1_354' title='bbox 1029 3200 1068 3261; x_wconf 84' lang='lat'><strong>13,</strong></span> <span class='ocrx_word' id='word_1_355' title='bbox 1090 3201 1111 3251; x_wconf 90' lang='lat'><strong>1.</strong></span> <span class='ocrx_word' id='word_1_356' title='bbox 1129 3198 1192 3249; x_wconf 84' lang='lat' dir='ltr'><strong>llan</strong></span> 
     </span>
     <span class='ocr_line' id='line_1_37' title="bbox 115 3265 1192 3332; baseline 0 -16"><span class='ocrx_word' id='word_1_357' title='bbox 115 3268 220 3317; x_wconf 86' lang='lat' dir='ltr'><strong>wenden</strong></span> <span class='ocrx_word' id='word_1_358' title='bbox 240 3265 385 3318; x_wconf 80' lang='lat' dir='ltr'><strong>instando</strong></span> <span class='ocrx_word' id='word_1_359' title='bbox 403 3283 464 3320; x_wconf 82' lang='lat' dir='ltr'><strong>war.</strong></span> <span class='ocrx_word' id='word_1_360' title='bbox 499 3267 558 3332; x_wconf 79' lang='lat' dir='ltr'><strong>Vgl.</strong></span> <span class='ocrx_word' id='word_1_361' title='bbox 576 3267 628 3318; x_wconf 85' lang='lat' dir='ltr'><strong>Cic.</strong></span> <span class='ocrx_word' id='word_1_362' title='bbox 678 3267 750 3316; x_wconf 84' lang='lat' dir='ltr'><strong>hatte</strong></span> <span class='ocrx_word' id='word_1_363' title='bbox 773 3266 825 3331; x_wconf 89' lang='lat' dir='ltr'><strong>sio,</strong></span> <span class='ocrx_word' id='word_1_364' title='bbox 851 3283 891 3317; x_wconf 90' lang='lat' dir='ltr'><strong>um</strong></span> <span class='ocrx_word' id='word_1_365' title='bbox 915 3267 969 3316; x_wconf 86' lang='lat' dir='ltr'><strong>sielr</strong></span> <span class='ocrx_word' id='word_1_366' title='bbox 992 3266 1062 3317; x_wconf 87' lang='lat' dir='ltr'><strong>ihrer</strong></span> <span class='ocrx_word' id='word_1_367' title='bbox 1079 3282 1110 3315; x_wconf 85' lang='lat' dir='ltr'><strong>zu</strong></span> <span class='ocrx_word' id='word_1_368' title='bbox 1128 3282 1192 3318; x_wconf 90' lang='lat' dir='ltr'><strong>vor·</strong></span> 
     </span>
     <span class='ocr_line' id='line_1_38' title="bbox 119 3332 1111 3398; baseline -0.001 -13"><span class='ocrx_word' id='word_1_369' title='bbox 119 3334 151 3385; x_wconf 80' lang='lat' dir='ltr'><strong>ad</strong></span> <span class='ocrx_word' id='word_1_370' title='bbox 169 3333 227 3384; x_wconf 89' lang='lat' dir='ltr'><strong>lam.</strong></span> <span class='ocrx_word' id='word_1_371' title='bbox 249 3338 272 3397; x_wconf 78' lang='lat'><strong>5,</strong></span> <span class='ocrx_word' id='word_1_372' title='bbox 292 3335 316 3396; x_wconf 83' lang='lat'><strong>2,</strong></span> <span class='ocrx_word' id='word_1_373' title='bbox 337 3336 358 3386; x_wconf 82' lang='lat'><strong>3.</strong></span> <span class='ocrx_word' id='word_1_374' title='bbox 679 3335 787 3398; x_wconf 85' lang='lat' dir='ltr'><strong>eichorn,</strong></span> <span class='ocrx_word' id='word_1_375' title='bbox 805 3335 831 3384; x_wconf 92' lang='lat' dir='ltr'><strong>in</strong></span> <span class='ocrx_word' id='word_1_376' title='bbox 850 3335 889 3386; x_wconf 90' lang='lat' dir='ltr'><strong>die</strong></span> <span class='ocrx_word' id='word_1_377' title='bbox 907 3335 982 3384; x_wconf 85' lang='lat' dir='ltr'><strong>Stadt</strong></span> <span class='ocrx_word' id='word_1_378' title='bbox 1000 3332 1111 3398; x_wconf 81' lang='lat' dir='ltr'><strong>gerulen.</strong></span> 
     </span>
    </p>

    <p class='ocr_par' dir='ltr' id='par_1_8' title="bbox 116 3401 1198 3944">
     <span class='ocr_line' id='line_1_39' title="bbox 153 3401 1192 3466; baseline -0.005 -9"><span class='ocrx_word' id='word_1_379' title='bbox 153 3407 176 3457; x_wconf 78' lang='lat' dir='ltr'><strong>t.</strong></span> <span class='ocrx_word' id='word_1_380' title='bbox 195 3407 222 3452; x_wconf 69' lang='grc' dir='ltr'><strong>ἐκ</strong></span> <span class='ocrx_word' id='word_1_381' title='bbox 239 3420 267 3454; x_wconf 84' lang='lat' dir='ltr'><strong>ea</strong></span> <span class='ocrx_word' id='word_1_382' title='bbox 284 3419 319 3465; x_wconf 81' lang='lat' dir='ltr'><strong>re,</strong></span> <span class='ocrx_word' id='word_1_383' title='bbox 338 3403 383 3452; x_wconf 87' lang='lat' dir='ltr'><strong>der</strong></span> <span class='ocrx_word' id='word_1_384' title='bbox 400 3401 487 3452; x_wconf 88' lang='lat' dir='ltr'><strong>Grund</strong></span> <span class='ocrx_word' id='word_1_385' title='bbox 503 3401 628 3454; x_wconf 81' lang='lat' dir='ltr'><strong>dcher·</strong></span> <span class='ocrx_word' id='word_1_386' title='bbox 715 3405 737 3455; x_wconf 85' lang='lat'><strong>3.</strong></span> <span class='ocrx_word' id='word_1_387' title='bbox 770 3407 881 3466; x_wconf 70' lang='lat' dir='ltr'><strong>proluet</strong></span> <span class='ocrx_word' id='word_1_388' title='bbox 912 3405 959 3454; x_wconf 80' lang='lat' dir='ltr'><strong>ao:</strong></span> <span class='ocrx_word' id='word_1_389' title='bbox 992 3403 1065 3452; x_wconf 88' lang='lat' dir='ltr'><strong>stellt</strong></span> <span class='ocrx_word' id='word_1_390' title='bbox 1098 3402 1192 3466; x_wconf 86' lang='lat' dir='ltr'><strong>sicher,</strong></span> 
     </span>
     <span class='ocr_line' id='line_1_40' title="bbox 116 3469 1194 3534; baseline -0.001 -11"><span class='ocrx_word' id='word_1_391' title='bbox 116 3471 236 3534; x_wconf 64' lang='lat' dir='ltr'><strong>troilum</strong></span> <span class='ocrx_word' id='word_1_392' title='bbox 245 3470 323 3534; x_wconf 71' lang='lat' dir='ltr'><strong>legin</strong></span> <span class='ocrx_word' id='word_1_393' title='bbox 335 3470 417 3522; x_wconf 84' lang='lat' dir='ltr'><strong>dieser</strong></span> <span class='ocrx_word' id='word_1_394' title='bbox 430 3470 482 3532; x_wconf 78' lang='lat' dir='ltr'><strong>tilrn</strong></span> <span class='ocrx_word' id='word_1_395' title='bbox 493 3471 629 3522; x_wconf 83' lang='lat' dir='ltr'><strong>hetrellen·</strong></span> <span class='ocrx_word' id='word_1_396' title='bbox 678 3472 780 3522; x_wconf 76' lang='lat' dir='ltr'><strong>sehiitat</strong></span> <span class='ocrx_word' id='word_1_397' title='bbox 794 3487 843 3522; x_wconf 87' lang='lat' dir='ltr'><strong>vor</strong></span> <span class='ocrx_word' id='word_1_398' title='bbox 860 3499 901 3521; x_wconf 86' lang='lat'><strong>-.</strong></span> <span class='ocrx_word' id='word_1_399' title='bbox 918 3472 945 3522; x_wconf 87' lang='lat' dir='ltr'><strong>B.</strong></span> <span class='ocrx_word' id='word_1_400' title='bbox 964 3469 994 3520; x_wconf 89' lang='lat' dir='ltr'><strong>G.</strong></span> <span class='ocrx_word' id='word_1_401' title='bbox 1013 3473 1037 3533; x_wconf 79' lang='lat' dir='ltr'><strong>t,</strong></span> <span class='ocrx_word' id='word_1_402' title='bbox 1056 3471 1098 3531; x_wconf 91' lang='grc'><strong>21,</strong></span> <span class='ocrx_word' id='word_1_403' title='bbox 1120 3473 1146 3532; x_wconf 87' lang='grc'><strong>1;</strong></span> <span class='ocrx_word' id='word_1_404' title='bbox 1165 3473 1194 3533; x_wconf 86' lang='grc'><strong>6,</strong></span> 
     </span>
     <span class='ocr_line' id='line_1_41' title="bbox 118 3537 1192 3604; baseline -0.004 -14"><span class='ocrx_word' id='word_1_405' title='bbox 118 3541 173 3603; x_wconf 85' lang='lat' dir='ltr'><strong>deu)</strong></span> <span class='ocrx_word' id='word_1_406' title='bbox 196 3538 410 3603; x_wconf 70' lang='lat' dir='ltr'><strong>Angelegeulreit:</strong></span> <span class='ocrx_word' id='word_1_407' title='bbox 428 3554 449 3588; x_wconf 89' lang='lat' dir='ltr'><strong>c.</strong></span> <span class='ocrx_word' id='word_1_408' title='bbox 471 3541 514 3602; x_wconf 79' lang='lat'><strong>85,</strong></span> <span class='ocrx_word' id='word_1_409' title='bbox 532 3541 562 3590; x_wconf 84' lang='lat'><strong>2:</strong></span> <span class='ocrx_word' id='word_1_410' title='bbox 580 3555 630 3602; x_wconf 72' lang='lat' dir='ltr'><strong>que</strong></span> <span class='ocrx_word' id='word_1_411' title='bbox 680 3543 722 3603; x_wconf 81' lang='grc'><strong>23,</strong></span> <span class='ocrx_word' id='word_1_412' title='bbox 743 3543 766 3593; x_wconf 89' lang='lat'><strong>9.</strong></span> <span class='ocrx_word' id='word_1_413' title='bbox 784 3568 818 3576; x_wconf 95' lang='lat'>-</span> <span class='ocrx_word' id='word_1_414' title='bbox 831 3556 913 3602; x_wconf 71' lang='grc' dir='ltr'><strong>μασι</strong></span> <span class='ocrx_word' id='word_1_415' title='bbox 929 3542 1043 3604; x_wconf 68' lang='lat' dir='ltr'><strong>quder,</strong></span> <span class='ocrx_word' id='word_1_416' title='bbox 1063 3537 1139 3601; x_wconf 78' lang='lat' dir='ltr'><strong>qudd:</strong></span> <span class='ocrx_word' id='word_1_417' title='bbox 1163 3551 1192 3588; x_wconf 87' lang='lat' dir='ltr'><strong>cr</strong></span> 
     </span>
     <span class='ocr_line' id='line_1_42' title="bbox 117 3605 1190 3674; baseline -0.005 -15"><span class='ocrx_word' id='word_1_418' title='bbox 117 3615 145 3660; x_wconf 76' lang='lat' dir='ltr'><strong>to</strong></span> <span class='ocrx_word' id='word_1_419' title='bbox 168 3625 196 3658; x_wconf 79' lang='lat' dir='ltr'><strong>re</strong></span> <span class='ocrx_word' id='word_1_420' title='bbox 218 3611 325 3658; x_wconf 73' lang='lat' dir='ltr'><strong>omnium</strong></span> <span class='ocrx_word' id='word_1_421' title='bbox 347 3623 448 3658; x_wconf 78' lang='lat' dir='ltr'><strong>suorum</strong></span> <span class='ocrx_word' id='word_1_422' title='bbox 468 3610 531 3657; x_wconf 77' lang='lat' dir='ltr'><strong>osiae</strong></span> <span class='ocrx_word' id='word_1_423' title='bbox 546 3624 630 3658; x_wconf 79' lang='lat' dir='ltr'><strong>oom·</strong></span> <span class='ocrx_word' id='word_1_424' title='bbox 679 3609 776 3674; x_wconf 83' lang='lat' dir='ltr'><strong>sprielrt</strong></span> <span class='ocrx_word' id='word_1_425' title='bbox 805 3622 853 3658; x_wconf 81' lang='lat' dir='ltr'><strong>nur</strong></span> <span class='ocrx_word' id='word_1_426' title='bbox 881 3605 1004 3670; x_wconf 75' lang='lat' dir='ltr'><strong>Wenigos</strong></span> <span class='ocrx_word' id='word_1_427' title='bbox 1032 3605 1079 3655; x_wconf 86' lang='lat' dir='ltr'><strong>mit</strong></span> <span class='ocrx_word' id='word_1_428' title='bbox 1106 3605 1190 3669; x_wconf 77' lang='lat' dir='ltr'><strong>iinon,</strong></span> 
     </span>
     <span class='ocr_line' id='line_1_43' title="bbox 117 3673 1198 3742; baseline -0.005 -14"><span class='ocrx_word' id='word_1_429' title='bbox 117 3680 214 3729; x_wconf 64' lang='lat' dir='ltr'><strong>mm</strong></span> <span class='ocrx_word' id='word_1_430' title='bbox 227 3681 347 3738; x_wconf 67' lang='lat' dir='ltr'><strong>metm.</strong></span> <span class='ocrx_word' id='word_1_431' title='bbox 374 3673 435 3742; x_wconf 84' lang='lat' dir='ltr'><strong>Nep.</strong></span> <span class='ocrx_word' id='word_1_432' title='bbox 453 3673 538 3725; x_wconf 78' lang='lat' dir='ltr'><strong>ruem.</strong></span> <span class='ocrx_word' id='word_1_433' title='bbox 557 3680 581 3739; x_wconf 83' lang='lat' dir='ltr'><strong>l,</strong></span> <span class='ocrx_word' id='word_1_434' title='bbox 600 3678 629 3728; x_wconf 82' lang='lat'><strong>2:</strong></span> <span class='ocrx_word' id='word_1_435' title='bbox 680 3677 725 3727; x_wconf 81' lang='lat' dir='ltr'><strong>das</strong></span> <span class='ocrx_word' id='word_1_436' title='bbox 743 3675 815 3726; x_wconf 78' lang='lat' dir='ltr'><strong>dorin</strong></span> <span class='ocrx_word' id='word_1_437' title='bbox 833 3675 953 3737; x_wconf 85' lang='lat' dir='ltr'><strong>bestand,</strong></span> <span class='ocrx_word' id='word_1_438' title='bbox 972 3674 1030 3724; x_wconf 88' lang='lat' dir='ltr'><strong>dass</strong></span> <span class='ocrx_word' id='word_1_439' title='bbox 1047 3700 1088 3723; x_wconf 85' lang='lat'><strong>-·.</strong></span> <span class='ocrx_word' id='word_1_440' title='bbox 1124 3675 1198 3732; x_wconf 73' lang='lat' dir='ltr'><strong>Queat</strong></span> 
     </span>
     <span class='ocr_line' id='line_1_44' title="bbox 117 3743 1193 3810; baseline -0.003 -15"><span class='ocrx_word' id='word_1_441' title='bbox 117 3761 217 3810; x_wconf 76' lang='lat' dir='ltr'><strong>emaque</strong></span> <span class='ocrx_word' id='word_1_442' title='bbox 251 3747 279 3794; x_wconf 75' lang='lat' dir='ltr'><strong>e&#39;ea</strong></span> <span class='ocrx_word' id='word_1_443' title='bbox 313 3761 340 3795; x_wconf 81' lang='lat' dir='ltr'><strong>aa</strong></span> <span class='ocrx_word' id='word_1_444' title='bbox 366 3761 394 3794; x_wconf 81' lang='lat' dir='ltr'><strong>re</strong></span> <span class='ocrx_word' id='word_1_445' title='bbox 421 3748 508 3794; x_wconf 79' lang='lat' dir='ltr'><strong>eonare&#39;</strong></span> <span class='ocrx_word' id='word_1_446' title='bbox 529 3745 629 3807; x_wconf 81' lang='lat' dir='ltr'><strong>fallere.</strong></span> <span class='ocrx_word' id='word_1_447' title='bbox 679 3759 746 3795; x_wconf 86' lang='lat' dir='ltr'><strong>muse</strong></span> <span class='ocrx_word' id='word_1_448' title='bbox 763 3743 810 3793; x_wconf 87' lang='lat' dir='ltr'><strong>ruit</strong></span> <span class='ocrx_word' id='word_1_449' title='bbox 822 3759 905 3805; x_wconf 69' lang='lat' dir='ltr'><strong>pauca</strong></span> <span class='ocrx_word' id='word_1_450' title='bbox 923 3743 1067 3793; x_wconf 86' lang='lat' dir='ltr'><strong>verbunden</strong></span> <span class='ocrx_word' id='word_1_451' title='bbox 1081 3744 1193 3806; x_wconf 85' lang='lat' dir='ltr'><strong>werden,</strong></span> 
     </span>
     <span class='ocr_line' id='line_1_45' title="bbox 117 3809 1194 3878; baseline -0.006 -11"><span class='ocrx_word' id='word_1_452' title='bbox 117 3814 175 3878; x_wconf 77' lang='lat' dir='ltr'><strong>Vgl.</strong></span> <span class='ocrx_word' id='word_1_453' title='bbox 196 3816 220 3878; x_wconf 87' lang='lat'><strong>3,</strong></span> <span class='ocrx_word' id='word_1_454' title='bbox 242 3815 298 3876; x_wconf 83' lang='lat'><strong>106,</strong></span> <span class='ocrx_word' id='word_1_455' title='bbox 316 3815 345 3865; x_wconf 86' lang='lat'><strong>4:</strong></span> <span class='ocrx_word' id='word_1_456' title='bbox 363 3816 390 3862; x_wconf 80' lang='lat' dir='ltr'><strong>tn</strong></span> <span class='ocrx_word' id='word_1_457' title='bbox 406 3815 456 3863; x_wconf 79' lang='lat' dir='ltr'><strong>loe.</strong></span> <span class='ocrx_word' id='word_1_458' title='bbox 486 3809 557 3862; x_wconf 78' lang='lat' dir='ltr'><strong>lioelr</strong></span> <span class='ocrx_word' id='word_1_459' title='bbox 574 3812 630 3862; x_wconf 90' lang='lat' dir='ltr'><strong>will</strong></span> <span class='ocrx_word' id='word_1_460' title='bbox 680 3812 749 3863; x_wconf 86' lang='lat' dir='ltr'><strong>nieht</strong></span> <span class='ocrx_word' id='word_1_461' title='bbox 771 3811 818 3862; x_wconf 90' lang='lat' dir='ltr'><strong>rnit</strong></span> <span class='ocrx_word' id='word_1_462' title='bbox 841 3814 955 3876; x_wconf 75' lang='lat' dir='ltr'><strong>loquetur.</strong></span> <span class='ocrx_word' id='word_1_463' title='bbox 989 3810 1089 3862; x_wconf 82' lang='lat' dir='ltr'><strong>llleneo</strong></span> <span class='ocrx_word' id='word_1_464' title='bbox 1113 3811 1147 3861; x_wconf 86' lang='lat' dir='ltr'><strong>ist</strong></span> <span class='ocrx_word' id='word_1_465' title='bbox 1164 3827 1194 3862; x_wconf 84' lang='lat' dir='ltr'><strong>es</strong></span> 
     </span>
     <span class='ocr_line' id='line_1_46' title="bbox 118 3879 1192 3944; baseline -0.003 -11"><span class='ocrx_word' id='word_1_466' title='bbox 118 3881 159 3934; x_wconf 84' lang='lat' dir='ltr'><strong>liir</strong></span> <span class='ocrx_word' id='word_1_467' title='bbox 176 3886 203 3932; x_wconf 75' lang='lat' dir='ltr'><strong>in</strong></span> <span class='ocrx_word' id='word_1_468' title='bbox 220 3898 248 3932; x_wconf 77' lang='lat' dir='ltr'><strong>sa</strong></span> <span class='ocrx_word' id='word_1_469' title='bbox 265 3897 293 3933; x_wconf 84' lang='lat' dir='ltr'><strong>re</strong></span> <span class='ocrx_word' id='word_1_470' title='bbox 308 3880 441 3932; x_wconf 85' lang='lat' dir='ltr'><strong>schreibeu</strong></span> <span class='ocrx_word' id='word_1_471' title='bbox 457 3884 559 3931; x_wconf 64' lang='grc'><strong>444444.</strong></span> <span class='ocrx_word' id='word_1_472' title='bbox 679 3881 705 3931; x_wconf 89' lang='lat' dir='ltr'><strong>B.</strong></span> <span class='ocrx_word' id='word_1_473' title='bbox 712 3879 742 3932; x_wconf 82' lang='lat' dir='ltr'><strong>G.</strong></span> <span class='ocrx_word' id='word_1_474' title='bbox 752 3883 774 3943; x_wconf 89' lang='lat'><strong>1,</strong></span> <span class='ocrx_word' id='word_1_475' title='bbox 789 3883 867 3944; x_wconf 79' lang='lat'><strong>43,4=</strong></span> <span class='ocrx_word' id='word_1_476' title='bbox 882 3883 969 3932; x_wconf 67' lang='lat' dir='ltr'><strong>aanor</strong></span> <span class='ocrx_word' id='word_1_477' title='bbox 988 3883 1057 3932; x_wconf 76' lang='lat' dir='ltr'><strong>meio</strong></span> <span class='ocrx_word' id='word_1_478' title='bbox 1076 3884 1192 3932; x_wconf 67' lang='lat' dir='ltr'><strong>matum</strong></span> 
     </span>
    </p>

    <p class='ocr_par' dir='ltr' id='par_1_9' title="bbox 152 3948 1195 4016">
     <span class='ocr_line' id='line_1_47' title="bbox 152 3948 1195 4016; baseline -0.003 -13"><span class='ocrx_word' id='word_1_479' title='bbox 152 3953 176 4003; x_wconf 82' lang='grc'><strong>6.</strong></span> <span class='ocrx_word' id='word_1_480' title='bbox 199 3953 264 4016; x_wconf 78' lang='lat' dir='ltr'><strong>quod</strong></span> <span class='ocrx_word' id='word_1_481' title='bbox 286 3950 364 4012; x_wconf 78' lang='lat' dir='ltr'><strong>(nieht</strong></span> <span class='ocrx_word' id='word_1_482' title='bbox 386 3948 509 4013; x_wconf 86' lang='lat' dir='ltr'><strong>Pronou.)</strong></span> <span class='ocrx_word' id='word_1_483' title='bbox 533 3952 562 4000; x_wconf 76' lang='lat' dir='ltr'><strong>da</strong></span> <span class='ocrx_word' id='word_1_484' title='bbox 584 3966 630 4000; x_wconf 77' lang='lat' dir='ltr'><strong>m</strong></span> <span class='ocrx_word' id='word_1_485' title='bbox 677 3966 723 4000; x_wconf 77' lang='lat' dir='ltr'><strong>m</strong></span> <span class='ocrx_word' id='word_1_486' title='bbox 755 3959 896 4014; x_wconf 74' lang='lat' dir='ltr'><strong>amatusque</strong></span> <span class='ocrx_word' id='word_1_487' title='bbox 930 3952 958 4000; x_wconf 73' lang='lat' dir='ltr'><strong>te</strong></span> <span class='ocrx_word' id='word_1_488' title='bbox 994 3967 1047 4002; x_wconf 79' lang='lat' dir='ltr'><strong>eum</strong></span> <span class='ocrx_word' id='word_1_489' title='bbox 1081 3951 1195 4013; x_wconf 64' lang='lat' dir='ltr'><strong>beneflcio</strong></span> 
     </span>
    </p>
   </div>
   <div class='ocr_carea' id='block_1_6' title="bbox 0 0 1438 4586">
    <p class='ocr_par' dir='ltr' id='par_1_10' title="bbox 0 0 1438 4586">
     <span class='ocr_line' id='line_1_48' title="bbox 0 0 1438 4586; baseline 0 0"><span class='ocrx_word' id='word_1_490' title='bbox 0 0 1438 4586; x_wconf 95' lang='lat' dir='ltr'><strong> </strong></span> 
     </span>
    </p>
   </div>
  </div>
 </body>
</html>
