2836 4586
557 308 588 360 n.
610 312 718 374 12-14.
906 357 909 364 .
999 269 1000 272 Ὺ
1114 307 1175 374 115

189 464 238 527 13.
261 465 376 538 Quibus
397 464 488 524 rebus
509 463 649 525 commoti
670 463 753 542 legati
776 463 880 524 milites
906 481 942 524 ex
967 481 1056 541 opere
1078 465 1173 526 dedu-

94 559 186 622 cunt,
215 550 433 628 oppugnatione
461 548 621 621 desistunt,
651 547 790 626 operibus
817 547 963 623 custodias
992 549 1173 628 relinquunt.
1279 557 1280 560 ’

92 635 285 696 Indutiarum
301 635 430 713 quodam
447 651 553 712 genere
568 633 768 693 misericordia
789 635 865 694 lacto
884 633 1027 694 adrentus
1043 633 1172 710 Caesaris
1187 645 1202 696 2

92 727 294 798 exspectatur.
321 719 441 780 Nullum
459 736 495 777 ex
516 736 620 794 muro,
633 718 779 778 nulluma
797 717 906 778 nostris
925 718 1048 782 mittitur
1064 718 1172 792 telum3

95 811 132 864 ut
151 822 183 864 re
203 805 346 876 confecta,
365 821 469 863 omnes
490 821 594 863 curam
615 810 643 862 et
669 802 855 881 diligentiam·
869 803 1031 864 remittunt.
1068 803 1201 866 Caesare

95 887 180 948 enim
195 888 372 965 perlitteras
394 887 543 948 Trebonio
563 904 741 966 magnopere
762 887 958 961 mandaverat,
979 905 1017 948 ne
1037 907 1090 966 per
1113 889 1172 950 viru

60 1036 62 1042 ,
92 973 243 1050 oppidum
258 973 420 1050 expugnari
433 980 591 1050 pateretur,
610 990 648 1032 ne
664 971 780 1051 gravius
803 973 930 1050 permoti
943 972 1047 1034 milites
1072 982 1100 1033 et
1119 975 1171 1035 de·

95 1057 233 1118 fectionis
249 1058 316 1118 odio
333 1066 361 1119 et
375 1059 594 1136 contemptione
608 1057 654 1117 sui
671 1066 699 1117 et
712 1057 826 1118 diutino
836 1057 936 1118 labore
953 1075 1058 1118 omnes
1074 1057 1171 1136 pube-

94 1161 146 1221 res
164 1143 378 1214 interficerent,
398 1143 480 1220 quod
507 1162 538 1202 se
560 1145 690 1202 tacturos
720 1142 916 1215 minabantur,
938 1161 1083 1221 aegreque
1101 1151 1203 1204 tunel

92 1235 169 1288 sunt
189 1229 302 1300 retenti,
321 1227 394 1305 quin
415 1228 559 1306 oppidum
578 1227 787 1305 irrumperent,
814 1228 999 1306 graviterque
1020 1247 1085 1288 eam
1107 1247 1172 1289 rem

94 1313 238 1395 tulerunt,
258 1312 340 1390 quod
359 1313 471 1372 stetisse
489 1331 542 1390 per
557 1311 748 1384 Trebonium,
767 1329 827 1389 quo
849 1313 949 1373 nunus
968 1313 1077 1391 oppido
1092 1315 1171 1392 poti-

94 1404 210 1468 rentur,
231 1395 392 1456 uidebatur.
722 1445 724 1448 .

187 1479 237 1540 14.
268 1481 307 1539 At
322 1479 423 1540 hostes
442 1479 507 1538 sine
529 1479 587 1538 lide
606 1486 721 1557 tempus
744 1487 831 1556 atque
852 1475 1039 1542 occasionem
1059 1484 1170 1544 fraudis
1194 1530 1197 1536 .

96 1582 132 1624 ac
148 1563 209 1623 doli
225 1571 373 1642 quaerunt
386 1562 602 1639 interiectisque
617 1563 727 1641 aliquot
748 1563 860 1636 diebus,
878 1565 986 1624 nostris
1003 1566 1170 1644 languenti-

91 1648 155 1709 bus
172 1656 259 1727 atque
277 1649 376 1708 animo
397 1647 528 1708 remissis
550 1646 647 1708 subito
670 1647 832 1707 meridiano
852 1655 1079 1725 tempore,cum
1096 1651 1170 1712 alius

94 1734 288 1807 discessisset,
307 1734 380 1793 alius
403 1752 439 1792 ex
459 1731 571 1792 diutino
593 1731 693 1792 labore
711 1732 743 1792 iu
763 1732 835 1810 ipsis
858 1733 997 1810 operibus
1026 1735 1117 1812 quieti
1138 1755 1170 1796 se

97 1819 236 1892 dedisset,
258 1837 339 1878 arma
358 1837 428 1878 vero
452 1817 551 1877 omnia
570 1817 698 1894 reposita
724 1825 915 1895 contectaque
944 1827 1051 1892 essent,
1077 1821 1170 1898 portis

97 1921 130 1976 se
153 1905 233 1964 toras
256 1911 426 1980 erumpunt,
444 1902 574 1962 secundo
603 1920 770 1981 magnoque
794 1911 881 1962 vento
908 1903 1008 1981 ignem
1031 1905 1169 1982 operibus

97 1988 240 2072 inlerqnt.
271 1988 359 2048 Hunc
375 1988 417 2048 sic
434 1987 545 2047 distulit
558 1994 673 2060 ventus,
694 1987 736 2047 uti
756 2005 817 2046 uno
833 1996 967 2065 tempore
980 2007 1076 2067 agger,
1098 1991 1198 2068 plu-2

99 2075 145 2145 tei,
162 2072 287 2145 testudo,
303 2073 403 2146 turris,
419 2079 565 2132 tormenta
580 2072 729 2154 flammam
748 2071 938 2150 conciperent
955 2081 983 2133 et
996 2074 1079 2151 prius
1096 2075 1168 2135 haec

100 2158 197 2218 omnia
215 2165 470 2230 consumerentur,
480 2175 580 2236 quam,
591 2156 842 2234 quemadmodum
860 2157 1018 2231 accidisset,
1033 2160 1166 2220 animad-

98 2243 171 2303 verti
199 2252 307 2320 posset.
355 2243 454 2303 Nostri
478 2242 631 2320 repentina
660 2244 779 2302 fortuna
815 2242 941 2319 permoti
969 2249 1064 2316 arma,
1092 2258 1198 2322 quaet

92 2335 231 2404 possunt,
250 2327 410 2404 arripiunt3
438 2327 498 2386 alii
513 2343 549 2386 ex
579 2327 680 2386 castris
702 2344 767 2385 sese
794 2325 922 2385 incitant.
963 2327 1009 2386 Fit
1025 2328 1056 2387 in
1075 2327 1168 2389 hostis

98 2413 224 2490 impetus
245 2405 393 2494 [eorum];
413 2411 464 2470 sed
495 2429 510 2469 e
538 2428 625 2470 muro
657 2409 765 2488 sagittis
786 2409 1001 2488 tormentisque
1023 2412 1168 2489 fugientes

98 2496 237 2574 persequi
253 2495 456 2576 prohibentur.
486 2495 529 2554 llli
547 2493 602 2554 sub
623 2511 744 2553 murum
762 2511 793 2552 se
810 2493 955 2572 recipiunt
967 2494 1067 2572 ibique
1084 2515 1167 2556 mus·
1181 2506 1199 2556 4

99 2583 199 2642 culum
224 2581 390 2658 turrimque
419 2579 577 2639 latericiam
600 2579 691 2638 bbere
720 2577 893 2638 incendunt
942 2579 984 2640 lta
1004 2580 1168 2640 multorum

100 2666 246 2726 mensium
266 2664 351 2725 labor
369 2664 500 2737 hostium
522 2663 644 2742 pertidia
666 2671 695 2722 et
712 2662 742 2722 vi
762 2663 941 2740 tempestatis
961 2671 1072 2741 puncto
1091 2673 1167 2726 tem-

99 2753 178 2830 poris
194 2750 312 2810 interiit.
344 2751 575 2826 Temptaverunt
596 2749 653 2808 hoc
673 2749 752 2808 idem
766 2747 960 2808 Massilienses
974 2756 1095 2827 postero·
1112 2750 1167 2810 die.
1182 2765 1199 2814 5

97 2923 371 2972 mortrumillemmderre
384 2921 451 2980 apert
459 2921 609 2969 Mantineam
660 2918 683 2969 3.
708 2915 733 2966 S.
746 2933 776 2966 zu
790 2919 814 2980 3,
834 2919 858 2978 2,
879 2919 902 2968 3.
921 2944 954 2952 -
971 2934 1040 2968 arma
1060 2929 1169 2973 conterre.

29 2989 30 2992 ’
99 2991 277 3049 Epaminondas
320 3004 370 3037 reon
408 3004 462 3038 cum
504 2990 609 3052 quadem
659 2983 826 3048 DieWaffen,
844 2985 1046 3036 namentlichdie
1060 2985 1168 3050 Schilde,

101 3061 247 3108 miseratione
265 3059 382 3106 delectat?
658 3053 763 3104 wurdeu
786 3051 831 3102 auf
851 3054 907 3103 dem
930 3053 1045 3104 Marsche
1068 3056 1118 3106 und
1135 3055 1169 3106 im

137 3121 185 3181 13.
207 3126 229 3176 1.
246 3141 274 3174 er
285 3141 365 3185 opere:
384 3123 439 3173 dem
453 3139 549 3188 ganzes
560 3123 607 3174 Be-
659 3121 749 3185 Leges,
767 3137 840 3172 wenu
852 3121 910 3172 kein
921 3119 1015 3189 Rempl
1029 3139 1060 3172 zu
1071 3139 1169 3174 erwar-

104 3192 312 3256 lagerungswerk,
337 3191 456 3242 collectiv
480 3192 510 3255 (c.
529 3193 553 3254 8,
575 3194 606 3254 1),
659 3195 703 3240 teu
720 3205 783 3253 war,
804 3191 830 3240 in
846 3189 948 3241 lederne
961 3189 1105 3255 Ueberziige
1124 3208 1169 3256 ge-

79 3276 145 3310 =uus
162 3261 216 3310 dom
233 3259 270 3309 sie
294 3259 334 3309 die
352 3259 472 3310 Soldeten
488 3259 609 3310 abziebeu
660 3258 732 3308 liiillt.
773 3259 798 3308 B.
818 3257 847 3309 G.
866 3261 891 3322 2,
919 3261 958 3322 11,
978 3263 1006 3311 5:
1023 3265 1097 3310 amru
1112 3265 1171 3326 tept-

103 3329 188 3391 lasscu,
202 3329 235 3378 da
253 3325 293 3377 dic
307 3327 537 3391 Feindseligkciten
555 3327 609 3377 ein·
660 3337 739 3390 memte
761 3331 916 3380 detmrdende.
943 3353 976 3362 -
993 3339 1172 3389 corrumpunt,
1252 3323 1255 3330 ’

103 3398 200 3460 gestellt
214 3397 315 3446 werden
328 3394 417 3458 sollen,
430 3396 551 3445 withreud
569 3395 610 3446 bei
659 3411 687 3445 so
697 3411 744 3444 nur
752 3395 809 3446 hier
819 3395 860 3445 bei
870 3395 949 3445 Cesar
962 3397 1011 3446 und
1023 3398 1087 3446 auch
1101 3403 1171 3446 sonst

43 3514 54 3538 ἡ
106 3466 149 3516 den
166 3465 295 3516 einzelnen
313 3463 439 3526 ‘operibus’
454 3462 545 3515 Postea
563 3481 609 3514 zu·
659 3463 749 3514 selten.
782 3462 883 3514 Caelius
898 3463 939 3512 bei
953 3461 1003 3513 Cic.
1017 3462 1129 3513 adFsm
1146 3465 1170 3526 8,

107 3535 275 3598 rlielrgclasscu
293 3533 403 3584 werden.
663 3534 702 3593 14,
721 3535 751 3585 2;
768 3535 802 3582 ad
817 3535 902 3582 bellum
927 3548 951 3582 se
968 3535 1055 3592 erupit.
1094 3531 1171 3595 Verg.

139 3605 160 3654 3.
177 3605 343 3668 emtemptr'one
360 3605 413 3652 eui:
429 3601 456 3650 B.
475 3598 505 3650 G.
520 3602 545 3663 4,
567 3601 608 3663 28,
660 3600 723 3650 Aen.
741 3603 764 3652 4.
780 3601 837 3652 368.
864 3598 1002 3648 Sokomrnt
1016 3599 1081 3650 auch
1095 3617 1119 3650 ee
1136 3605 1171 3650 ir·-

109 3672 134 3722 2:
151 3688 231 3738 mappa
253 3673 295 3721 eui
310 3687 364 3720 eum
372 3673 490 3732 periculo.
573 3686 577 3695 ·
660 3684 778 3732 rumpere,
803 3683 963 3729 prorumpere
991 3665 1121 3732 (Quinctil.
1145 3671 1171 3730 2,

139 3741 161 3792 4.
183 3743 294 3804 oppidem
315 3743 491 3800 irrumperent:
520 3740 542 3801 1,
567 3739 609 3799 27,
664 3738 686 3800 1,
705 3737 730 3798 2)
749 3734 889 3786 vereinzelt
907 3749 961 3787 ror.

72 3833 75 3841 ·
110 3808 130 3856 3.
153 3834 183 3846 —
204 3813 291 3860 stetim
310 3825 358 3872 per
380 3811 422 3860 Tr.
446 3824 492 3872 pm
516 3809 611 3856 mimus:
696 3806 719 3855 3.
737 3821 786 3856 eeee
802 3807 910 3855 emmer.
937 3803 963 3854 S.
981 3820 1012 3854 zu
1032 3807 1054 3868 1,
1074 3807 1115 3868 ⁵19,
1134 3808 1157 3858 4.

110 3873 154 3924 wie
172 3879 192 3939 1,
209 3880 250 3941 41,
269 3880 293 3929 3.
696 3874 721 3924 4.
740 3877 868 3924 multorum
885 3876 1002 3924 menatem
1019 3876 1099 3942 leder:
1121 3873 1171 3940 veie

145 3937 190 4000 14·
209 3948 229 3997 1.
248 3963 277 3998 ee
295 3949 390 3996 diutino
414 3947 503 3994 labore:
527 3944 548 4006 1,
567 3945 609 4013 70,
661 3939 710 4014 pir
723 3940 771 3993 ‘dre
785 3939 880 4012 Arbeit¹
892 3941 973 3994 vicler
984 3939 1104 4006 Monate',
1122 3957 1174 3992 von

956 4025 993 4078 8*
