2836 4586
546 275 587 376 Ill.
609 325 716 376 12-15.
873 282 874 287 ¹
1109 323 1167 388 161

95 480 215 540 icerent
229 495 266 560 ac
277 480 363 558 fugae
371 478 464 539 simile
472 478 527 538 iter
534 473 697 538 videretur.'
705 477 762 537 Sed
773 495 841 536 cum
852 493 945 555 prope
954 476 1197 556 Dyrrhachium't

95 563 262 642 Pompeius
278 563 454 626 constitisset
468 572 619 642 castraque
636 562 738 624 metari
753 561 893 634 iussisset,
912 563 1066 640 perterrito
1083 564 1168 624 etiam

95 658 165 710 turn
182 648 311 709 exercitu
330 649 469 727 princeps
490 647 636 710 Labienus
656 647 789 726 procedit
807 647 941 726 iuratque
963 666 994 707 se
1017 665 1085 707 eum
1107 665 1168 710 non

98 735 291 794 deserturum
307 733 493 813 eundemque
509 751 610 794 casum
630 733 807 804 subiturum,
823 749 1043 811 quemcumque
1061 733 1087 793 ei
1103 736 1167 793 lor-

98 828 174 879 tuna
191 818 346 879 tribuisset.
378 819 442 878 Hoc
461 818 538 879 idem
556 818 661 896 reliqui
681 818 781 877 iurant
794 817 895 896 legati3
917 817 1027 878 tribuni
1043 818 1198 886 militum4

99 904 351 982 centurionesque
373 911 548 983 sequuntur,
571 913 657 980 atque
684 903 763 984 idem
792 903 889 964 omnis
918 904 1062 964 exercitus
1083 904 1167 964 iurat.

99 989 208 1049 Caesar
228 997 440 1067 praeoccupato
459 989 563 1050 itinere
582 988 617 1048 ad
638 987 852 1066 Dyrrhachium
879 988 969 1048 finem
991 989 1198 1067 properandi5

86 1074 171 1136 *facit
192 1082 344 1152 castraque
371 1075 406 1134 ad
434 1074 546 1134 llumen
568 1073 683 1151 Apsum
711 1073 795 1151 ponit
812 1073 843 1133 in
863 1073 972 1134 linibus
999 1073 1168 1152 Apollonia-

97 1160 185 1232 tium,
202 1167 235 1220 ut
254 1159 377 1220 castellis
399 1159 560 1238 vigiliisque
576 1159 651 1218 bene
673 1158 792 1219 meritae
815 1158 942 1219 civitates
963 1166 1042 1220 tinae
1063 1168 1191 1233 essent.

98 1244 201 1323 ibique
226 1241 407 1323 reliquarum
437 1263 472 1304 ex
493 1244 571 1305 ltalia
591 1243 741 1322 legionum
762 1244 920 1304 adveutum
951 1253 1119 1332 exspectare
1141 1254 1170 1305 et

29 1357 31 1362 ·
99 1329 158 1389 sub
177 1329 302 1408 pellibus
322 1329 451 1390 hiemare
474 1329 631 1389 constituit
669 1329 734 1389 Hoc
759 1328 838 1390 idem
861 1329 1019 1408 Pompeius
1053 1331 1122 1391 lecit
1142 1341 1197 1396 eto

99 1423 183 1474 mans
204 1415 315 1474 flumen
331 1415 446 1493 Apsum
462 1414 563 1492 positis
586 1413 686 1474 castris
703 1432 738 1473 eo
763 1414 860 1492 copias
880 1432 983 1476 omnes
1005 1415 1168 1495 auxiliaque

100 1498 252 1558 conduxit.
323 1541 327 1548 -
403 1555 406 1564 a

190 1581 238 1645 14.
262 1583 386 1644 Calenus
400 1581 563 1662 legionibus
578 1581 784 1660 equitibusque
800 1581 939 1642 Brundisi
954 1582 989 1641 in'
1000 1600 1089 1643 naves
1108 1584 1166 1644 im-

99 1668 213 1746 positis,
223 1677 255 1730 ut
266 1676 328 1728 erat
337 1675 528 1747 praeceptum
544 1667 701 1740 adrosere,
712 1673 857 1745 quantum
871 1666 992 1726 navium
1003 1668 1169 1728 facultatem

100 1753 235 1827 habebat,
256 1771 344 1814 naves
362 1753 448 1815 solvit
468 1753 648 1832 paulumque
670 1772 686 1812 a
708 1761 797 1830 portu
817 1770 993 1834 progressus
1021 1753 1129 1815 uterus
1151 1773 1168 1814 a

102 1838 224 1898 Caesare
238 1839 349 1916 accipit,
365 1838 474 1917 quibus
490 1847 535 1900 est
547 1839 654 1899 certior
668 1840 772 1911 factus,
787 1846 891 1915 portus
909 1837 1052 1916 litoraque
1070 1839 1168 1899 omnia

101 1923 242 1984 classibus
258 1924 494 1985 adversariorum
506 1923 608 1984 teneri
630 1924 696 1996 Quo
708 1923 827 2001 cognito
843 1941 874 1983 se
890 1923 921 1982 in
937 1931 1056 2001 portum
1066 1924 1196 2002 recipit2

101 2026 251 2087 navesque
265 2027 369 2069 omnes
383 2017 508 2069 revocat.
545 2009 609 2070 Una
630 2027 667 2068 ex
685 2008 834 2086 hisquae
854 2008 1051 2086 perseveravit
1069 2025 1168 2088 neque

100 2093 225 2172 imperio
242 2095 339 2155 Caleni
354 2093 573 2172 obtemperavit,
587 2094 668 2172 quod
684 2102 745 2154 erat
759 2093 821 2153 siue
838 2093 979 2166 militibus
993 2093 1166 2174 privatoque

91 2179 222 2239 ⁴oonsilio
238 2179 504 2253 administrabatur,
517 2180 608 2240 delata
619 2178 740 2239 Oricum
754 2186 841 2256 atque
855 2197 872 2238 a
887 2179 990 2238 Bibulo
1002 2190 1166 2259 expugnata

101 2273 160 2336 est;
187 2265 237 2343 qui
261 2265 296 2324 de
318 2264 583 2342 servisliberisque
598 2262 736 2324 omnibus
755 2263 790 2324 ad
804 2263 974 2340 impuberes
990 2263 1165 2342 supplicium
1179 2281 1195 2331 3

102 2349 192 2408 sumit
205 2349 283 2409 etad
299 2367 394 2409 uuum
410 2349 556 2409 interficit.
589 2349 630 2408 lta
647 2347 752 2425 exiguo
768 2355 900 2425 tempore
917 2365 1082 2426 magnoque
1097 2369 1165 2412 casu

101 2433 190 2492 totius
210 2433 354 2494 exercitus
375 2433 452 2493 salus
474 2432 611 2492 constitit.

189 2515 238 2579 15.
260 2517 391 2590 Bibulus
411 2526 444 2578 ut
465 2534 553 2595 supra
578 2517 810 2577 demonstratum
833 2523 884 2588 est,
905 2523 966 2576 erat
987 2533 1055 2577 cum
1078 2518 1167 2579 classe

103 2603 138 2662 ad
157 2601 278 2664 Oricum
297 2610 334 2675 et,
350 2602 434 2664 sicuti
450 2602 523 2662 mari
544 2600 738 2680 portibusque
758 2602 909 2662 Caesarem
930 2599 1112 2680 prohibebat,
1129 2603 1168 2664 ita

136 2808 158 2858 3.
191 2815 268 2856 caera
290 2809 378 2855 maeri
400 2803 505 2853 braucbt
528 2803 609 2854 Ciisar
659 2821 713 2854 core
728 2826 763 2846 =
783 2805 902 2864 ancarm
930 2818 950 2853 c.
970 2805 1011 2866 36,
1029 2805 1059 2856 o:
1077 2809 1168 2858 totoue

103 2889 147 2924 nur
165 2873 227 2924 bier.
262 2873 289 2924 B.
308 2871 337 2924 d.
357 2875 380 2936 8,
401 2874 482 2934 tan
659 2883 716 2924 emir
739 2882 872 2922 comeeutae
894 2891 910 2922 a
929 2875 1042 2922 Favonio.
1076 2873 1108 2923 So
1128 2871 1166 2924 olt

136 2945 158 2996 5.
178 2953 349 3004 praeoccupato
373 2945 470 2992 uinea:
495 2956 510 2991 a
534 2939 607 2991 Pom·
659 2941 700 2991 boi
710 2940 805 3003 Cicero,
819 2940 868 2992 wie
878 2937 1051 2991 z.B.adFu1n.
1063 2943 1086 3005 7,
1098 2945 1121 3005 5,
1136 2946 1165 2995 2:

101 3011 163 3076 pelo.
192 3011 277 3061 Durch
290 3013 334 3062 das
346 3009 546 3060 Zuvorlrommcn
564 3011 607 3060 dos
659 3014 750 3062 litterae
766 3013 827 3060 endi
844 3013 935 3060 dontio
951 3028 967 3060 a
983 3019 1011 3060 te.

103 3077 469 3144 PompeiuswarCilsar'sl’lan
479 3079 607 3143 voreitolt‚
694 3081 716 3130 3.
731 3081 764 3128 ad
776 3081 914 3142 impuberes,
925 3077 974 3129 wic
987 3077 1013 3127 in
1026 3072 1070 3129 dor
1082 3079 1166 3144 gleiclr

101 3160 241 3211 weswegon
258 3164 286 3198 er
299 3148 395 3199 anbiolt
408 3149 458 3197 und
475 3147 530 3197 sich
547 3163 607 3198 ver·
658 3145 790 3211 folgenden
813 3146 953 3198 Redensart
974 3149 1009 3197 ad
1030 3163 1114 3214 mum,
1134 3153 1168 3199 ad

102 3218 226 3266 solranzto.
249 3243 282 3252 -
305 3221 448 3282 opilioque,
472 3231 491 3266 e.
519 3218 557 3279 15,
576 3219 606 3268 2:
654 3233 733 3270 unum
756 3232 846 3266 mnes:
870 3214 909 3266 bis
935 3213 981 3266 aul
1003 3215 1043 3266 dle
1060 3213 1165 3268 linaben

99 3289 227 3346 praecidite
248 3287 312 3335 mim
333 3289 455 3346 dispositis
477 3289 557 3337 munau
580 3289 606 3336 li·
657 3285 743 3347 hereb,
756 3284 835 3335 selbst
847 3283 914 3334 diosc
933 3284 1003 3334 nicbt
1021 3299 1165 3350 ansgenom-

103 3364 152 3405 tora
169 3355 295 3404 aanooro
311 3357 455 3404 tendantur.
488 3353 535 3402 Dic
552 3355 608 3404 bene
657 3368 732 3404 men..
756 3353 843 3417 Vorgl.
860 3353 915 3403 sein
938 3365 1081 3417 gransumoe
1099 3353 1165 3405 Vor-

102 3427 197 3474 meritac
213 3425 316 3474 moen
333 3423 388 3473 sind
405 3420 539 3487 Apollonia
557 3423 607 3471 und
656 3419 745 3472 fabren
763 3438 783 3472 c,
802 3423 826 3485 8,
846 3423 868 3473 3.
887 3447 921 3457 -
938 3437 1069 3486 Μαφηοᾳνθ
1095 3439 1165 3472 casu:

38 3515 58 3538 a
104 3490 207 3542 Oricum.
232 3517 266 3526 -
291 3493 335 3541 rud
360 3493 461 3552 pectino
490 3494 606 3540 domare:
657 3491 736 3540 ciuem
768 3505 885 3554 grosscn,
915 3503 978 3552 ganz
1012 3489 1165 3540 bosonderon

103 3559 127 3609 in
152 3559 257 3623 zalton,
282 3559 331 3609 wie
360 3559 386 3608 in
412 3559 458 3609 don
483 3558 606 3608 Sommor-
656 3557 750 3622 Zulull,
769 3558 877 3608 niimlich
897 3557 955 3606 dass
973 3558 1018 3607 dor
1035 3555 1105 3608 Briol'
1119 3573 1164 3622 go·
1211 3569 1213 3573 ’

104 3626 606 3694 leldlagern‚sodassalsokeineWintor-
656 3628 716 3678 rade
733 3628 797 3676 noch
815 3626 856 3676 bei
879 3624 923 3674 der
940 3624 1049 3676 Abiahrt
1068 3625 1164 3678 aulum.

102 3695 169 3761 loger
187 3697 301 3760 (hiberno)
318 3696 364 3745 mit
378 3697 424 3746 den
433 3696 459 3746 in
473 3695 606 3746 densolben
656 3695 743 3760 Vorgl.
768 3711 799 3744 zu
823 3695 849 3746 B.
868 3692 898 3744 G.
924 3696 948 3756 6,
973 3698 1013 3758 30,
1032 3699 1062 3749 22
1080 3711 1165 3761 mayoc

104 3766 286 3828 gewlihnlichon
312 3763 422 3816 lestcrcn
439 3765 606 3829 Wohnungon
655 3769 741 3815 ‹20th
758 3780 822 3815 casu.
840 3791 874 3798 -
890 3768 1007 3815 comitii:
1033 3763 1055 3830 l,
1081 3767 1121 3828 85,
1141 3768 1164 3818 3.

106 3835 266 3897 (litbernaeuto)
281 3835 393 3899 bozogon
410 3834 520 3883 worden.
694 3829 743 3889 15.
770 3835 791 3884 l.
816 3848 890 3893 stupra
913 3835 1037 3884 demonem.
1065 3843 1110 3885 eat:
1135 3848 1162 3883 as

139 3898 185 3960 14.
207 3907 228 3956 1.
246 3907 357 3955 Galenus:
373 3919 393 3952 c.
407 3905 430 3965 8,
444 3904 466 3954 2.
480 3917 604 3965 -quan-
656 3901 755 3966 ergiebt
772 3900 825 3950 sich
836 3900 987 3963 wenigstons
1000 3919 1044 3953 aus
1057 3919 1078 3953 c.
1092 3905 1130 3965 14,
1139 3903 1164 3964 3,

107 3977 163 4022 tom:
178 3972 203 4022 in
221 3973 270 4024 wie
283 3972 397 4026 weit-
410 3975 501 4024 litteras
518 3988 533 4041 q
550 3973 605 4023 an-
656 3970 734 4024 sowio
752 3971 829 4022 sebon
846 3986 867 4020 c.
885 3971 910 4032 8,
934 3972 1043 4036 tzeigt,
1062 3973 1165 4022 dassen
1272 3996 1274 4004 ·

151 4063 227 4104 cessar
240 4063 268 4106 11.
295 4062 315 4106 d.
329 4064 385 4106 dull.
969 4057 998 4107 11
