2836 4586
298 303 358 369 158
691 303 735 354 nn
752 302 858 355 nunno
877 303 975 354 civim

282 460 444 538 'utrimque
460 459 648 520 incommoda
669 468 794 539 accepta,
817 478 891 537 quae
915 477 970 538 pro
992 458 1143 536 disciplina
1157 467 1186 518 et
1210 460 1387 536 praeceptis

268 550 283 598 5
298 545 405 605 habere
420 553 550 623 possent,
565 552 598 604 ut
606 544 736 623 reliquos
752 563 836 605 casus
847 545 1000 605 timerent:
1016 543 1098 602 illum
1113 544 1192 603 ltalia
1204 545 1385 621 expulsum,

297 631 403 692 amissa
418 631 511 691 Sicilia
530 638 558 690 et
580 629 712 690 Sardinia
731 623 905 708 duabusque
925 628 1074 706 Hispaniis
1098 635 1126 687 et
1148 629 1346 689 cohortibus
1361 631 1384 688 in

297 716 375 776 ltalia
397 723 483 793 atque
505 715 644 793 Hispania
669 715 777 775 civium
798 715 1003 775 Romanorum
1026 731 1118 784 oxxx;
1141 732 1174 773 se
1198 723 1315 774 morte
1332 715 1384 773 Cu-

297 800 389 862 rionis
412 809 440 861 et
461 800 635 861 detrimento
658 799 787 860 Africani
811 799 954 859 exercitus
975 807 1055 858 tanto
1079 798 1284 876 militumque
1306 799 1381 859 dedi-

268 887 376 947 ttione
396 886 432 946 ad
448 886 603 946 Curictam.
640 884 769 945 Proinde
786 883 840 944 sibi
860 903 894 944 ac
912 881 1089 961 reipublicae
1106 893 1287 961 parcerent,
1312 904 1381 944 cum.

298 971 488 1050 quantumin
506 969 583 1030 bello
605 972 723 1030 fortuna
744 978 851 1049 posset,
873 970 929 1028 iam
947 969 1004 1047 ipsi
1025 968 1233 1028 incommodis
1256 969 1326 1030 suis
1341 988 1379 1029 sa-

270 1057 334 1117 itis
355 1064 453 1116 essent
475 1055 663 1115 documento.
696 1055 760 1114 Hoc
783 1071 877 1114 unum
892 1072 956 1114 esse
977 1061 1094 1132 tempus
1117 1053 1154 1113 de
1169 1071 1253 1130 pace
1270 1055 1378 1133 agendi.

298 1141 370 1200 dum
385 1139 440 1200 sibi
456 1148 581 1217 uterque
596 1140 757 1200 confideret
778 1150 806 1200 et
827 1158 911 1218 pares
934 1138 1021 1198 ambo
1040 1138 1242 1212 viderentur3
1267 1141 1295 1200 si
1318 1159 1377 1198 raro

298 1225 379 1286 alteri
393 1226 514 1303 paulum
529 1225 618 1284 modo
634 1224 780 1285 tribuisset
801 1227 928 1295 fortuna,
950 1241 1012 1284 non
1033 1241 1097 1284 esse
1118 1242 1260 1287 usurum
1279 1226 1374 1285 condi·

297 1309 431 1370 cionibus
449 1310 527 1388 pacis
553 1328 630 1382 eum,
650 1310 701 1388 qui
723 1310 859 1388 superior
879 1309 1036 1381 videretur,
1066 1326 1164 1387 neque
1187 1311 1264 1370 fore
1294 1323 1389 1387 aequa

268 1403 378 1473 sparte
393 1403 573 1467 contentum,
588 1395 639 1473 qui
660 1413 691 1454 se
712 1395 809 1454 omnia
831 1394 1000 1454 habiturum
1022 1393 1194 1466 confideret.
1240 1395 1367 1456 Condici-

298 1498 370 1540 ones
392 1481 479 1559 pacis,
495 1480 635 1559 quoniam
658 1487 741 1540 antea
757 1479 914 1540 convenire
937 1498 999 1539 non
1015 1477 1193 1556 potuissent,
1209 1480 1328 1542 Romae
1340 1480 1369 1539 ab

267 1573 400 1626 asenam
421 1574 449 1626 et
468 1585 485 1626 a
506 1566 616 1645 populo
637 1565 696 1645 peti
718 1564 834 1626 debere.
876 1565 989 1625 Interea
1011 1573 1039 1624 et
1057 1563 1245 1641 reipublicae
1264 1577 1293 1626 el
1306 1566 1369 1644 ipss

296 1652 408 1729 placere
439 1659 584 1730 oportere,
612 1651 637 1710 si
666 1658 790 1729 uterque
812 1651 851 1723 ‚ill
881 1650 1018 1709 contione
1040 1649 1136 1709 statim
1160 1649 1318 1710 iuravisset
1339 1670 1369 1710 se

296 1735 393 1796 tn'duo
408 1737 544 1814 proximo
560 1735 720 1795 exercitum
737 1735 937 1796 dimissurum.
966 1733 1109 1812 Depositis
1133 1735 1232 1796 armis
1243 1735 1370 1795 auxiliis-

297 1840 363 1899 que,
393 1821 500 1899 quibus
528 1838 608 1880 nunc
638 1820 834 1893 confiderent,
862 1820 1026 1880 necessario
1050 1819 1155 1898 populi
1190 1829 1368 1899 senatusque

253 1913 283 1963 10
296 1905 402 1965 iudicio
423 1908 486 1964 fore
501 1913 661 1983 utrumque
682 1912 862 1966 contentum.
897 1898 987 1987 [Haec
1009 1922 1076 1982 quo,
1091 1904 1211 1965 facilius
1232 1906 1365 1985 Pompeio

297 1989 415 2068 probari
437 1997 566 2068 possent,
588 2008 692 2049 omnes
715 2008 783 2050 suas
811 1997 964 2050 terrestres
989 1989 1170 2067 urbiumque
1202 1992 1312 2070 copias
1332 1993 1364 2051 di-

297 2067 479 2156 missurum]

381 2158 430 2221 11.
453 2157 595 2219 Vibullius
617 2159 662 2218 bis
685 2159 824 2237 expositis
846 2159 990 2239 Corcyrae
1019 2177 1082 2218 non
1105 2158 1210 2220 minus
1235 2179 1355 2223 necessa

329 2381 353 2431 4.
378 2395 427 2440 pro
456 2382 583 2442 disceptione
613 2388 635 2429 ct
656 2381 801 2440 praeupcu:

296 2447 334 2498 als
353 2447 434 2498 lehre
456 2449 506 2497 und
525 2448 664 2511 Warnung.

331 2520 354 2568 5.
378 2521 460 2580 iilum,
486 2515 642 2582 Pompeium,
662 2532 695 2566 sc.
715 2518 802 2564 iucom-

294 2589 364 2636 moda
381 2613 414 2622 -—
430 2589 550 2649 acocpuac,
568 2602 629 2650 quac
646 2612 679 2622 -
693 2593 802 2646 possmt3

295 2671 323 2704 so
349 2654 414 2703 aucb
441 2661 517 2703 unten
542 2672 567 2704 ae
590 2664 664 2704 morte
691 2655 803 2703 Curionis

295 2740 318 2772 u.
337 2739 356 2772 s.
368 2738 400 2772 w,
430 2722 505 2772 Jener
526 2723 564 2772 soi
581 2721 679 2773 belebrt
699 2720 802 2770 worden

296 2791 374 2840 durch
383 2789 452 2840 scine
461 2790 631 2854 Vertreibung
646 2805 690 2840 ans
703 2788 800 2851 ltalien,

297 2856 802 2910 iernerdurohdenVorlustvonSicilicn

296 2944 320 2976 u.
332 2943 351 2975 s.
364 2941 395 2976 w.
421 2953 447 2961 —
465 2931 498 2976 ad
513 2930 632 2978 Curictam
650 2927 727 2987 (nicht
744 2929 801 2975 Ocr-

295 2995 387 3057 cyrum)
415 2993 483 3044 Flor.
510 2998 539 3058 4,
559 2999 573 3049 2
593 2997 631 3058 (2,
661 2998 691 3048 13
715 2995 801 3056 Jahntz

295 3081 349 3113 cum
359 3064 447 3125 fauces
466 3066 576 3114 Adrobui
596 3068 671 3114 maria
689 3067 751 3114 iussi
765 3079 802 3113 cc·

295 3148 381 3194 cupere
403 3135 528 3182 Doutcua
554 3143 575 3183 ct
598 3136 735 3194 Antonius,
763 3135 803 3182 illc

294 3204 409 3264 Illyrico,
442 3203 480 3250 tu
515 3204 673 3252 Curictico
709 3205 802 3252 litore

295 3280 375 3320 castra
400 3273 539 3334 posuissent.
589 3269 613 3319 S.
641 3271 688 3320 den
717 3284 801 3334 geogr.

296 3338 372 3389 Index
390 3340 441 3388 und
458 3353 489 3387 zu
507 3353 527 3388 c.
546 3340 561 3391 8
581 3354 603 3388 a.
622 3337 650 3388 E.

330 3409 353 3461 8.
371 3411 517 3458 condiciones
529 3411 598 3470 pacis
618 3434 652 3442 -
669 3409 801 3471 conuenire,

295 3477 344 3528 wic
365 3480 386 3541 1,
405 3478 447 3540 28,
466 3478 495 3528 3:
512 3481 588 3542 auno,
605 3480 670 3541 quod
692 3491 803 3525 concena-

294 3558 334 3598 rat
351 3547 401 3596 und
419 3546 458 3597 die
477 3546 533 3596 dori
550 3546 629 3610 vergl.
654 3543 704 3606 St.;
723 3543 802 3593 C'aiser

295 3616 400 3666 braucbt
424 3631 471 3664 nur
495 3615 563 3666 diese
587 3614 736 3676 Wondung:
763 3629 801 3662 res

294 3688 402 3736 conuenit
423 3685 493 3744 (iuter
516 3689 609 3750 aliqum
627 3684 687 3734 oder
704 3679 800 3743 absol),

296 3751 336 3801 nie
350 3757 531 3804 conveniuntur
542 3781 575 3789 -
589 3753 648 3803 oder
660 3753 802 3803 conueniunt

297 3823 359 3869 incar
375 3837 399 3870 cc
418 3823 450 3870 dc
466 3838 504 3871 rc.

330 3889 354 3938 9.
377 3890 474 3938 Interea
493 3899 514 3939 ct
533 3891 570 3940 rei
582 3891 690 3950 publicae
706 3897 728 3938 et
744 3889 803 3950 utcu

290 3959 387 4018 placere
414 3966 533 4018 oportere:
561 3958 730 4021 untardossen,
763 3955 802 4006 bis

853 2377 931 2428 Sonat
953 2377 1003 2428 und
1028 2377 1093 2428 Voll
1124 2377 1165 2428 die
1189 2379 1361 2446 Bedingungrr

854 2447 897 2497 des
928 2447 1048 2498 Friedens
1079 2444 1242 2510 iestgestellt
1282 2453 1360 2501 hillen.
1390 2489 1391 2526 p

853 2517 945 2566 miisste
957 2531 985 2566 es
998 2517 1052 2566 dem
1058 2514 1131 2564 Staat
1143 2516 1194 2564 und
1209 2517 1361 2570 ibnenselbsl
1390 2553 1391 2564 ,

853 2587 926 2634 recht
951 2583 1018 2646 sein,
1043 2583 1079 2633 sie
1110 2584 1228 2634 miissten
1257 2589 1315 2639 dies
1335 2587 1362 2636 liu

853 2651 1033 2716 zweckmiissig
1044 2652 1138 2712 hulten,
1160 2652 1223 2703 dass
1239 2655 1286 2707 die
1299 2658 1362 2707 lleen

854 2722 979 2771 entlassen
1003 2721 1053 2770 und
1075 2720 1115 2770 die
1132 2719 1361 2789 Feindseliglreilu

853 2789 999 2853 eingestcllt
1014 2789 1124 2839 wiirden.
1142 2816 1176 2824 -
1196 2795 1321 2852 ἀφωῑεὴ
1336 2811 1362 2843 ar

852 2863 898 2907 mis
916 2862 1072 2921 auxiliisque:
1095 2861 1291 2921 zeugmatiscbe
1311 2863 1362 2912 l'er·

853 2927 970 2990 bindung,
989 2925 1021 2975 da
1033 2929 1145 2987 depositis
1164 2943 1215 2976 nur
1236 2945 1271 2979 zu
1291 2936 1362 2980 arnt.

853 2995 923 3044 nicht
946 3011 977 3044 zu
1007 2998 1106 3044 auxiliis
1128 3001 1208 3060 passi.
1251 2997 1362 3049 Indessrn

853 3070 910 3128 sagt
936 3065 999 3113 auch
1024 3063 1111 3113 Cicero
1135 3065 1150 3116 8
1179 3062 1249 3114 rhu
1281 3071 1308 3125 9,
1326 3071 1363 3119 25:

852 3137 979 3184 uersuum
996 3136 1091 3194 depono.

890 3205 927 3265 10,
946 3205 1012 3251 Haec
1029 3216 1093 3265 quc:
1118 3199 1202 3250 dieser
1221 3201 1288 3253 Satz
1306 3206 1363 3254 kann

852 3270 922 3319 nicht
939 3285 989 3320 von
1002 3269 1081 3319 Cisar
1091 3270 1241 3334 herriihron,
1264 3273 1325 3323 weil
1342 3287 1364 3321 cr

852 3337 926 3403 mit§
941 3341 956 3390 9
969 3339 995 3388 in
1004 3337 1186 3403 Widerspruch
1205 3341 1296 3404 steht3
1314 3343 1363 3390 dau

852 3409 994 3471 urbiumque
1004 3411 1083 3469 capua
1099 3409 1313 3460 unverstiindlich
1326 3411 1361 3458 ist.

852 3476 918 3526 siebt
933 3475 1013 3539 jeder.

891 3540 941 3601 11.
977 3547 997 3596 1.
1029 3561 1078 3594 uon
1100 3548 1180 3594 minua
1197 3551 1365 3596 mensurium

852 3612 992 3676 Vibullius,
1020 3613 1065 3664 dor
1090 3613 1124 3662 im
1147 3611 1247 3663 Hermen
1284 3615 1367 3664 immet

852 3683 916 3731 noch
928 3680 1091 3748 Pompeianos
1102 3696 1165 3743 nrar,
1184 3696 1242 3731 war
1254 3683 1305 3732 mit
1317 3683 1365 3733 sei-

853 3766 900 3800 nen
912 3747 1052 3814 Austriigon
1062 3751 1127 3799 nach
1137 3748 1253 3816 Corcyra
1263 3752 1365 3816 gelon-

853 3834 916 3882 men,
929 3834 969 3868 wc
980 3821 1024 3869 das
1031 3818 1226 3883 Hauptquar‘cier
1239 3819 1288 3870 der
1294 3819 1364 3870 Pom-

852 3887 1011 3954 poianischon
1028 3886 1159 3936 Seemacht
1183 3902 1248 3949 war,
1275 3889 1364 3938 theille

853 3957 911 4006 dort
928 3957 977 4007 den
993 3955 1120 4022 lliiuptern
1140 3956 1185 4006 der
1202 3953 1363 4022 Pompeiani·
