2812 4586
577 314 617 365 ru.
637 317 746 371 66-64.
936 275 940 286 ’
1127 317 1198 386 225

119 481 223 533 essent
238 471 377 534 senatorii
391 471 528 550 belloque
545 489 688 530 unacum
704 469 775 548 ipsis
792 471 1003 544 interfuissent,
1020 474 1195 535 sententias-

122 577 184 637 que
207 559 243 617 dc
264 557 385 636 singulis
404 559 525 629 ferrent,
548 555 599 634 qui
617 557 729 616 Romae
754 558 964 618 remansissent
989 557 1099 636 quique
1120 559 1197 620 iutra

119 643 269 721 praesidia
284 642 408 719 Pompei
427 642 553 702 fuissent
571 658 668 718 neque
691 658 812 717 operam
831 643 862 702 in
883 661 915 702 re
935 643 1050 703 militari
1071 645 1204 720 praesti-'

122 728 241 788 tissent:
265 746 356 788 unam
372 729 436 787 fore
455 727 598 800 tabellam,
619 725 669 802 qui
684 725 852 787 liberandos
874 727 957 788 omni
969 727 1100 806 periculo
1123 746 1225 796 cen-4

118 821 240 886 serent3
254 813 382 885 alteram,
400 811 559 890 quicapitis
571 812 760 883 damnarent3
779 815 902 886 tertiam,
913 813 963 890 qui
974 813 1099 891 pecunia
1115 815 1194 874 mul-

121 905 228 958 tarent.
259 896 413 958 Postremo
436 915 539 957 omnes
554 907 604 958 aut
625 895 661 954 de
683 895 847 959 honoribus
862 898 923 958 suis
938 905 988 957 aut
1006 898 1042 957 de
1057 899 1194 976 praemiis
1208 906 1223 955 5

124 983 266 1060 pecuniae
290 990 340 1042 aut
369 981 405 1042 de
428 982 642 1060 persequendis
671 979 828 1042 inimicitiis
858 984 980 1061 agebant
1009 1001 1064 1044 uec
1086 983 1194 1062 quibus

118 1066 286 1128 ‚rationibus
302 1085 441 1144 superare
457 1076 587 1145 possent,
610 1064 661 1129 sed
679 1068 928 1142 quemadmodum
943 1069 985 1129 uti
998 1068 1119 1129 victoria
1141 1069 1195 1128 de-

118 1151 229 1212 berent
246 1151 418 1230 cogitabant.

209 1233 259 1297 84.
281 1239 324 1298 Re
346 1237 538 1298 frumentaria
556 1248 725 1317 praeparata
748 1237 987 1315 confirmatisque
1008 1237 1147 1298 mihtihus
1167 1247 1197 1299 ct

121 1321 191 1382 satis
212 1322 302 1399 longo
324 1322 417 1400 spatio
438 1323 580 1399 temporis
605 1343 621 1382 a
648 1323 859 1404 Dyrrhachinis
879 1322 998 1400 proeliis
1015 1323 1194 1396 intermisso,

120 1425 185 1484 quo
208 1406 277 1466 satis
298 1414 486 1484 perspectum
510 1406 618 1467 hahere
637 1410 762 1470 militum
784 1409 916 1469 animum
938 1407 1095 1480 videretur,
1117 1416 1193 1472 tem·

50 1567 54 1571 K
120 1490 267 1568 plaudum
288 1491 393 1550 Caesar
422 1490 603 1564 existimavit,
633 1495 773 1572 quidnam
793 1491 954 1570 Pompeius
981 1493 1125 1570 propositi
1145 1503 1195 1554 aut

123 1575 280 1635 voluntatis
303 1575 339 1634 ad
356 1574 555 1635 dimicandum
571 1574 699 1638 haberet
727 1578 828 1655 ltaque
855 1595 890 1636 ex
909 1576 1010 1636 castris
1034 1577 1225 1637 exercitumt

121 1659 225 1720 eduxit
242 1660 394 1737 aciemque
415 1659 562 1732 instruxit,
584 1662 681 1738 primo
705 1663 765 1722 suis
787 1659 859 1721 locis
884 1661 1032 1739 pauloque
1055 1680 1071 1721 a
1094 1661 1195 1722 castris

121 1745 248 1821 Pompei
268 1745 393 1822 longius,
416 1744 635 1806 continentibus
658 1765 728 1806 vero
752 1744 864 1818 diebus
886 1753 918 1805 ut
932 1747 1159 1823 progrederetur
1179 1766 1212 1807 a·

121 1828 226 1888 castris
248 1828 309 1888 suis
332 1827 514 1907 collibusque
535 1829 722 1909 Pompeianis
745 1832 836 1891 aciem
855 1829 1009 1890 subiceret
1045 1831 1126 1904 Quae
1147 1849 1194 1891 res

123 1911 227 1972 indies
245 1913 494 1974 confirmatiorem
504 1914 566 1975 eius
579 1917 740 1977 exercitum
754 1914 906 1976 efficiebat.
938 1915 1080 1993 Superius
1096 1924 1194 1976 tamen
1209 1921 1224 1971 3
1269 1962 1270 1965 ,

121 1997 326 2057 institutumin
335 1997 492 2076 equitibus,
504 1999 584 2077 quod
593 2001 870 2074 demonstravimus,
887 1999 1028 2073 servabat,
1044 2009 1085 2074 ut,
1093 2019 1194 2080 quon-

120 2082 181 2142 iam
203 2100 328 2142 numero
350 2083 448 2142 multis
470 2085 601 2161 partibus
632 2094 709 2147 esset
730 2087 863 2190 interior,
886 2085 1087 2148 adulescentes
1107 2094 1194 2165 alque

115 2325 190 2378 post
222 2301 341 2378 paucos
369 2321 510 2368 accidit
520 2318 1195 2384 66666,6666661666616,666(1666666352

120 2388 274 2434 6666666-
293 2385 345 2434 Der
368 2383 516 2434 Couiuuctiv
541 2391 633 2449 diceet
685 2389 709 2450 8,
728 2389 774 2439 21:
793 2391 881 2450 quc'qua
902 2403 951 2436 non
964 2391 1084 2450 paruos,
1108 2391 1198 2448 capital

121 2452 171 2502 wic
198 2456 219 2515 1,
244 2455 285 2515 20,
311 2455 338 2504 3:
363 2469 422 2502 eam
439 2457 522 2515 oppidi
532 2465 635 2516 partem,
683 2465 740 2508 6666.
789 2474 790 2478 ¹

120 2538 186 2586 quaa
201 2525 362 2572 msmdisaima
379 2525 506 2573 videretur.
720 2525 743 2575 5.
760 2521 895 2572 Postremo:
912 2521 1060 2587 uberhaupt,
1077 2523 1146 2572 lium.
1166 2550 1195 2560 -

159 2592 182 2642 3.
197 2591 633 2653 sententiasquc-serreot‚Wech-
684 2595 713 2642 de
725 2595 842 2652 praemiis
866 2591 1098 2652 caenomanico.
1119 2593 1194 2653 58,2

120 2657 160 2707 sel
179 2657 223 2707 der
240 2658 358 2707 Structur
381 2659 445 2706 nach
464 2662 565 2721 placere,
584 2659 633 2710 wic
679 2663 792 2721 praemla
809 2663 847 2710 rei
860 2661 1019 2719 6666666666.

122 2725 148 2775 Β.
168 2724 197 2775 G.
216 2729 240 2788 2,
262 2729 301 2788 10,
319 2729 350 2778 4:
373 2729 547 2778 consenuerunt
570 2733 633 2789 opti·
720 2723 772 2784 84.
795 2729 817 2779 1.
835 2731 1063 2792 quo-videretur:
1078 2742 1106 2776 so
1119 2725 1194 2791 lange

120 2809 188 2844 mum
211 2811 271 2856 aare,
298 2799 393 2844 domum
421 2811 489 2846 suam
516 2813 633 2861 quemque
684 2795 751 2858 zen,
764 2796 821 2845 dass
836 2810 865 2846 er
879 2795 1097 2846 iudcrselheu-.
1110 2799 1194 2846 —mt2

121 2866 212 2914 reuerti
222 2873 291 2912 ct·-
258 2867 634 2927 *undiquecooventrentae
683 2869 752 2916 litum
769 2868 893 2914 animum.
912 2867 936 2926 2,
956 2866 997 2928 34,
1016 2867 1039 2916 6.

120 2935 167 2996 qui
182 2935 271 2982 Romae
283 2937 460 2984 romanensem
484 2931 553 2982 Suet.
565 2932 633 2982 Nero
719 2936 742 2985 2.
760 2937 811 2984 sud
828 2937 898 2983 locis·
917 2939 971 2982 erst
988 2930 1067 2982 aul'
1045 2946 1124 2991 cineta
1143 2947 1194 2981 von

122 3003 154 3052 2:
178 2990 329 3050 Consultatum
352 3011 429 3051 actem
457 3004 499 3050 On.
523 3005 633 3064 Pompeio
668 3001 735 3050 ihm
761 3001 905 3064 gewlihltcu
930 3001 980 3050 und
1005 3001 1193 3064 beherrschtcn‚

121 3072 150 3118 de
162 3071 245 3118 madiis
261 3086 289 3118 ac
301 3079 411 3120 neutram
423 3080 518 3131 purtem
532 3087 634 3134 sequen·
684 3069 738 3118 also
755 3067 797 3120 666
814 3069 857 3119 ihu
876 3069 1009 3134 giiustigcu
1026 3067 1133 3120 Terraiu
1147 3085 1195 3119 vor

120 3139 193 3198 tibus,
206 3141 270 3186 66666
279 3136 418 3199 (Domitius)
429 3141 518 3188 consuo
527 3142 631 3189 6666666
683 3137 776 3188 scinem
802 3137 898 3202 Lager3
928 3139 994 3188 daun
1017 3153 1054 3202 so,
1084 3139 1141 3188 dass
1165 3153 1194 3188 er

120 3220 222 3253 numero
239 3207 363 3258 ludendos.
398 3206 456 3269 Vgl.
475 3206 542 3256 deus
561 3206 632 3257 Caes.
684 3208 748 3257 uach
766 3207 816 3256 und
833 3208 898 3256 nach
917 3207 972 3256 dem
995 3204 1041 3255 aus
1062 3206 1107 3256 der
1124 3205 1193 3256 H'o'he

121 3270 239 3334 66616
264 3273 296 3321 ud
318 3272 372 3322 An
399 3275 438 3336 11,
463 3277 488 3337 6,
507 3277 536 3326 6:
553 3293 633 3326 omnes
682 3276 819 3325 steheuden
842 3274 972 3340 Pompeius
994 3275 1074 3324 nither
1097 3275 1193 3324 666666.

119 3357 198 3401 enam,
233 3343 278 3404 qui
312 3345 340 3391 in
376 3343 450 3392 Italia
486 3355 633 3408 manserant,
684 3343 709 3392 S
733 3360 764 3393 zu
794 3345 816 3407 1,
843 3345 885 3406 61,
911 3345 942 3404 33
970 3345 993 3404 3,
1017 3344 1059 3404 44,
1084 3345 1161 3394 6.·-

119 3411 224 3459 torrium
241 3425 339 3459 numero
357 3411 512 3461 habebuntur.
684 3417 768 3462 castros
791 3415 894 3472 Pompei.
934 3408 1006 3459 Nach
1029 3407 1090 3474 App,
1115 3412 1140 3472 2,
1160 3361 1194 3462 66

158 3480 181 3529 4.
211 3479 327 3548 tabellam,
357 3482 401 3541 qui
425 3489 544 3530 6666666666
567 3481 590 3530 d.
615 3469 631 3529 ἰ.
683 3495 739 3529 war
762 3480 806 3529 das
830 3478 913 3541 Lager
937 3477 980 3528 des
1004 3475 1134 3542 Pompeius
1161 3479 1193 3530 30

36 3540 59 3559 ‘⁸
119 3563 202 3597 corson
227 3536 309 3608 (oder
320 3548 364 3596 iis:
388 3543 429 3596 liii
454 3547 502 3610 die,
527 3547 631 3612 welche)
683 3547 786 3598 Studien
800 3563 848 3596 vou
863 3547 917 3596 dem
927 3544 1018 3594 666666
1031 3543 1150 3594 entlcrut
1160 3573 1194 3583 —-

120 3618 165 3678 qui
180 3631 241 3664 oens.
264 3613 310 3664 Die
328 3613 483 3680 Auslussuug
501 3616 544 3666 des
562 3633 631 3682 pron.
683 3619 890 3680 confirmatiorem.
927 3613 978 3662 Das
997 3612 1062 3662 Heer
1087 3627 1194 3676 gewanu

120 3683 253 3732 demonstr.
267 3680 631 3749 istdaunfiirunsaullulleud,
683 3680 1193 3745 auselbstvartrauen,wichmannum,

119 3765 193 3800 wenn
218 3767 245 3801 es
269 3751 295 3800 in
318 3751 398 3801 eiuem
421 3752 530 3803 anderen
554 3753 632 3804 Casus
683 3752 740 3802 dass
769 3749 898 3816 Pompeius
928 3750 974 3799 den
1000 3747 1093 3816 nampf
1123 3750 1194 3801 nicht

118 3821 198 3882 steht,
208 3819 246 3869 als
256 3820 300 3870 das
309 3818 467 3885 Relativum3
461 3837 539 3871 ·.soc
552 3824 631 3884 766
682 3834 762 3884 wago.
900 3847 903 3852 ·
1219 3822 1221 3826 '

121 3886 546 3952 monachorumque.
571 3889 631 3953 Vgl.
718 3889 741 3940 3.
760 3889 877 3950 Superius
899 3887 1049 3938 institutum:
1068 3901 1088 3936 c.
1108 3889 1149 3949 75,
1171 3889 1193 3938 5.

120 3955 256 4006 besonders
274 3957 315 4007 die
327 3956 422 4024 Ellipse
440 3958 483 4008 des
497 3958 587 4010 Dativs
605 3957 631 4007 iu
682 3983 716 3992 -
727 3958 946 4018 inconpertum:
970 3969 990 4004 c
1009 3957 1050 4020 86,
1069 3956 1092 4007 2.
1112 3979 1146 3991 ·-
1163 3958 1198 4006 ad

173 4047 293 4091 06666611.
307 4048 327 4090 6.
342 4049 397 4090 Aul.
961 4042 992 4093 15
