2812 4586
571 343 612 394 m.
635 347 743 398 ae-ao.
932 416 935 420 .
1125 343 1187 408 221
1294 365 1296 372 J

119 501 276 560 nonnullas
299 499 335 560 ab
359 499 421 559 eius
445 497 568 558 amicitia
584 497 738 560 avertebat.
771 497 886 572 Quibus
913 498 1017 561 accitht
1038 499 1138 573 reisue,
1158 508 1223 564 uts

119 584 255 664 pluribus
273 584 385 644 dimissi
401 582 555 644 itineribus
571 603 588 644 a
603 583 724 644 Caesare
743 584 779 644 ad
795 583 957 644 Domitium
981 594 1010 645 et
1031 603 1047 644 a
1063 585 1189 644 llomitio

119 671 155 730 ad
165 671 316 732 Caesarem
334 670 413 729 nulla
427 669 540 729 ratione
555 669 609 730 iter
625 669 770 730 conticere
786 677 916 746 possent.
937 669 992 730 Sed
1009 668 1190 748 Allobroges,
1205 683 1224 732 o

118 751 242 816 Raucilli
257 763 344 834 atque
362 754 415 833 Egi
429 753 593 826 familiares
612 772 687 832 quos
704 755 870 833 perfugisse
887 754 922 814 ad
938 754 1115 832 Pompeium
1137 755 1190 814 de-

120 840 361 912 monstravimus,
391 839 550 916 conspicati
579 839 609 898 iu
636 839 739 899 itinere
768 840 968 918 exploratores
990 839 1116 912 Domitii,
1140 857 1192 900 seu

118 925 242 1004 pristina
256 943 308 986 sua
323 923 544 996 consuetudine,
559 924 638 1001 quod
656 942 715 984 una
731 923 762 982 in
773 925 861 984 Gallia
874 923 949 984 bella
963 931 1120 1003 gesserant,
1139 943 1192 986 seu
1212 997 1215 1000 ¹

119 1010 211 1088 gloria
233 1011 296 1070 elati
312 1017 425 1082 cuncta,
448 1017 481 1069 ut
501 1018 585 1069 erant
606 1017 676 1081 acta,
699 1017 902 1088 exposuerunt
924 1017 952 1069 et
967 1008 1096 1070 Caesaris
1118 1027 1191 1087 prc-

119 1095 468 1167 fectionem,·adventum
489 1094 612 1172 Pompei
642 1094 816 1155 docuerunt.
860 1094 884 1155 l
911 1093 1019 1173 quihus
1048 1095 1224 1154 llomitiust

120 1180 228 1240 certior
250 1183 344 1240 lactus
360 1181 408 1239 vin
427 1197 474 1238 1111
490 1179 633 1238 horarum
649 1179 740 1257 spatio
756 1179 931 1240 antecedens
950 1175 1081 1240 hostium
1099 1179 1192 1240 hene-

119 1265 185 1324 ticio
208 1265 372 1344 periculum
399 1265 496 1324 vitavit
517 1264 599 1324 etad
624 1263 788 1343 Aeginium,
808 1265 887 1343 quod
912 1272 955 1325 est
970 1264 1114 1344 oppidum
1137 1283 1192 1343 op-

119 1350 250 1427 positum
273 1349 447 1422 Thessaliae,
466 1349 581 1409 Caesari
602 1350 731 1410 venienti
752 1351 888 1410 occurrit.

207 1431 257 1495 80.
279 1434 445 1494 Coniuncto
463 1433 592 1494 exercitu
608 1433 712 1494 Caesar
728 1435 881 1512 Gomphos
895 1435 1037 1511 pervenit,
1053 1434 1132 1512 quod
1150 1442 1194 1495 est

120 1519 265 1597 oppidum
284 1519 416 1598 primum
431 1519 596 1578 Thessaliae
615 1515 800 1578 venientibus
823 1518 858 1578 ah
886 1519 993 1597 Epir03
1024 1536 1098 1596 quae
1121 1529 1192 1597 gens

121 1604 223 1682 paucis
240 1611 307 1664 ante
323 1602 476 1664 mensibus
492 1603 569 1663 ultro
586 1603 622 1662 ad
639 1604 791 1664 Caesarem
812 1604 921 1682 legatos
937 1603 1063 1675 miserat,
1079 1610 1113 1663 ut
1131 1603 1192 1663 suis

121 1688 261 1748 omnihus
271 1687 455 1748 facultatibus
472 1695 614 1761 uteretur,
630 1688 868 1767 praesidiumque
885 1687 921 1747 ah
942 1705 976 1748 eo
992 1687 1118 1747 militum
1138 1704 1192 1765 pe-

120 1774 213 1833 tierat,
244 1773 300 1833 Sed
320 1792 355 1832 eo
371 1776 447 1833 lama
461 1773 520 1832 iam
536 1781 747 1850 praecurrerat,
762 1773 852 1851 quam
868 1790 958 1849 supra
974 1772 1140 1845 docuimus,
1156 1772 1191 1832 de
1206 1791 1221 1838 2

121 1857 235 1935 proelio
251 1857 463 1936 Dyrrhachino,
481 1859 560 1936 quod
577 1859 676 1918 multis
693 1865 813 1918 auxerat
833 1857 975 1936 partibus.
1005 1858 1105 1936 ltaque
1127 1857 1190 1916 An·
1206 1875 1224 1925 3

122 1942 305 2016 drcsthenes,
321 1951 439 2021 praetor
450 1943 624 2016 Thessaliae,
641 1963 709 2004 cum
726 1963 756 2004 se
772 1943 910 2004 victoriae
920 1943 1043 2021 Pompei
1054 1943 1192 2024 comitem

122 2045 186 2087 esse
203 2027 298 2088 mallet
312 2045 403 2106 quam
417 2029 531 2088 socium
547 2029 676 2089 Caesaris
695 2029 727 2088 in
746 2028 836 2089 rebus
859 2028 998 2101 adversis,
1014 2045 1134 2088 onmem
1157 2045 1192 2087 en

121 2111 198 2190 agris
220 2113 438 2174 multitudinem
460 2131 615 2174 servorum
646 2133 679 2174 ac
705 2113 867 2175 liberorum
895 2114 927 2173 in
947 2113 1090 2193 oppidum
1117 2113 1195 2192 cogit

121 2205 280 2276 portasque
311 2198 473 2276 praecludit
498 2206 527 2258 et
553 2199 589 2258 ad
620 2200 788 2278 Scipionem
815 2199 1050 2276 Pompeiumque
1072 2199 1193 2258 nuntios

123 2283 218 2354 mittit,
233 2293 266 2344 ut
280 2282 335 2343 sihi
353 2282 485 2344 subsidio
502 2285 634 2344 veniant:
649 2303 680 2345 se
696 2284 842 2344 confidere
854 2281 1068 2343 munitionibus
1084 2283 1195 2362 oppidi,

122 2486 189 2534 tedae
242 2481 350 2533 Beachta
386 2483 430 2532 das
460 2481 633 2548 Imperfectum
685 2499 734 2532 von
752 2480 901 2532 Thessalica
918 2487 1012 2548 tranat,
1031 2499 1063 2533 an
1081 2484 1128 2534 don
1145 2483 1195 2534 Pe-

122 2552 187 2601 naoh
201 2532 260 2602 dem
278 2565 534 2616 vorausgegangenen
551 2553 632 2602 reddi·
684 2551 763 2614 neios,
775 2551 799 2599 in
812 2550 856 2600 der
866 2548 937 2602 Nllhe
948 2567 997 2602 von
1008 2553 1095 2602 dessen
1106 2552 1195 2618 Quelle

122 2625 198 2672 drot.
225 2620 311 2684 Vergl.
331 2635 351 2669 c.
370 2623 411 2684 63,
431 2623 454 2672 5.
683 2619 816 2684 Aeginium
833 2619 883 2681 lag.

156 2692 180 2741 6.
210 2705 269 2752 quoe
298 2715 331 2726 -·
361 2692 585 2739 dememoraoe'mua:
611 2703 631 2737 e.
720 2685 772 2746 80.
795 2689 815 2739 1.
833 2690 988 2752 sententious,
1007 2688 1146 2752 derllativ,
1159 2710 1196 2730 =

123 2759 154 2810 59
172 2773 196 2806 u.
216 2760 256 2810 60.
275 2785 308 2792 -
327 2773 368 2808 eeu
380 2761 489 2818 precem
512 2766 633 2808 eonsuetu-
683 2755 725 2808 fiir
756 2755 804 2819 die,
836 2754 932 2806 melche
956 2773 1006 2807 von
1030 2756 1120 2824 Epirus
1149 2759 1195 2808 her

122 2829 233 2876 dee—
258 2844 298 2876 reu
320 2831 399 2891 plorate
416 2831 478 2878 elati·
517 2825 541 2876 S.
561 2841 592 2874 zu
611 2841 631 2874 c.
684 2827 805 2887 hemmen,
824 2825 848 2874 d.
866 2823 882 2873 i.
900 2840 974 2875 werm
991 2841 1048 2876 man
1066 2841 1116 2876 von
1133 2825 1196 2891 Epi-

124 2895 166 2957 78,
185 2896 209 2945 2.
227 2920 261 2930 ·-
277 2898 356 2960 gloria
373 2899 440 2945 electi:
465 2895 518 2944 ‘aus
537 2893 632 2944 Ruhm-
683 2911 726 2944 rus
744 2896 846 2944 kommt.
880 2893 937 2944 Liv.
957 2897 997 2958 32,
1016 2898 1040 2958 4,
1060 2898 1088 2948 3:
1110 2899 1195 2946 Thau·

122 2960 213 3025 suoht',
227 2962 287 3012 odor
299 2961 583 3027 ‘ausRuhmredigkeit'.
606 2961 631 3012 S.
683 2969 745 3014 maci
760 2981 776 3012 u
793 2965 862 3026 Pyro
879 2979 974 3024 -per
997 2967 1109 3014 Laenatem
1128 2968 1197 3014 eunti

123 3029 266 3098 Nipperdey
279 3047 309 3081 zu
321 3030 380 3081 Tae.
394 3031 458 3081 dnn.
477 3034 498 3094 1,
514 3033 561 3084 43:
580 3049 632 3082 eum
683 3037 731 3083 loeo
748 3035 795 3082 olto
812 3035 855 3081 riti
873 3041 937 3086 arent.

123 3103 246 3162 militibua,
264 3117 323 3164 quoa
340 3105 389 3150 rum
409 3104 493 3162 pudor
515 3111 537 3152 et
551 3103 633 3165 gloria
718 3103 741 3152 2.
760 3103 841 3151 moltis
855 3103 982 3163 pertidus:
999 3113 1040 3149 um
1066 3099 1153 3164 violeS,
1173 3115 1194 3150 s.

122 3173 206 3232 intrat,
218 3169 267 3216 und
279 3167 439 3232 Niigelsbach
456 3168 512 3218 Stil.
530 3185 553 3234 p.
575 3171 631 3232 136,
684 3185 704 3219 c.
729 3170 770 3232 84,
796 3170 818 3220 3.
859 3168 908 3218 Cic.
934 3170 965 3218 ad
989 3166 1047 3218 fam.
1074 3171 1095 3232 l,
1120 3170 1194 3232 2,-2:

123 3237 167 3286 der
189 3241 263 3285 unter
288 3237 382 3286 and-ern
411 3237 552 3300 vergleieht
581 3236 633 3286 (lica
680 3240 856 3300 perspiciebant
873 3241 936 3288 erede
956 3242 983 3288 in
1000 3240 1127 3288 Hortensia·
1140 3253 1193 3286 aen·

123 3303 223 3354 tuscul.
238 3307 262 3368 2,
276 3307 318 3367 tt,
333 3308 381 3357 65:
398 3321 473 3370 eaeque
483 3309 546 3355 enim
564 3309 633 3355 dham
684 3311 781 3358 tentiam
799 3311 881 3357 mulda
893 3309 1096 3369 percomptam
1110 3309 1194 3354 iturea.

125 3373 252 3436 (dolorem)
276 3377 370 3423 ratione
394 3384 437 3424 aut
460 3377 577 3435 sapientae
594 3383 633 3424 tu·
720 3377 741 3426 3.
756 3385 855 3436 praetor
872 3377 1013 3426 Thessaliae.
1050 3373 1096 3422 Die
1113 3372 1195 3422 Thes·

124 3447 211 3502 lerum,
236 3444 280 3492 real
298 3445 377 3492 studio
394 3446 477 3504 petius
506 3452 527 3493 et
548 3446 634 3507 plorr'e,
684 3442 761 3493 salier
793 3445 881 3494 hatten
911 3443 965 3492 also
988 3443 1053 3490 noch
1079 3441 1147 3504 jetzt
1169 3441 1195 3490 in

40 3531 73 3567 ⁴„
122 3511 173 3561 und
191 3511 221 3560 do
241 3511 340 3576 harusp.
364 3525 428 3576 resp.
453 3513 476 3574 8,
499 3512 542 3562 ta:
560 3515 583 3561 ai
598 3527 636 3561 me
684 3508 857 3575 lentegstetlen
893 3511 965 3560 einen
999 3507 1194 3573 gemeinschaft-

124 3583 219 3644 efferret
247 3583 377 3644 oltguande
406 3583 440 3630 ad
465 3583 567 3644 gloriam
607 3583 635 3630 ἐκ
684 3580 768 3630 liohen
792 3577 927 3642 hnidhrcr,
951 3577 1000 3627 wie
1029 3578 1055 3626 in
1080 3575 1196 3628 lriiherer

123 3650 261 3712 rosmundae
286 3651 416 3698 maledictae
438 3651 562 3697 lominum
586 3651 633 3697 im·
685 3648 743 3698 Zeit
767 3647 814 3698 den
838 3641 923 3714 ταγός
946 3646 1019 3708 (Xon.
1044 3645 1106 3696 Hell.
1125 3649 1194 3710 dpl,

118 3720 250 3778 predonem
268 3720 347 3768 enimi
362 3719 467 3780 quedam
479 3719 553 3766 dolor.
685 3718 742 3779 28l3
755 3725 855 3778 praetor
879 3731 929 3764 von
953 3715 1008 3764 dem
1027 3713 1195 3779 llriegsoher-

158 3789 181 3838 T.
201 3789 297 3836 aneere'
308 3788 532 3836 ceoleretioeeurrt't.
553 3783 632 3834 cesar
685 3791 749 3844 stan,
775 3778 933 3856 στρατηγός.
967 3783 1057 3834 Ascon.
1082 3799 1112 3833 zu
1144 3783 1196 3834 Cic.

123 3869 179 3904 war
191 3855 269 3904 durch
278 3855 323 3904 das
331 3853 397 3904 Thai
407 3851 632 3904 dosAooshoraus·
684 3854 758 3904 Vorr.
780 3855 801 3918 1,
823 3856 866 3905 14:
903 3855 997 3904 Veteres
1020 3869 1099 3903 omnes
1121 3857 1196 3917 etapi-

124 3935 234 3987 gezogen
252 3921 302 3973 und
318 3923 435 3988 gelangte
453 3923 517 3972 nach
536 3919 632 3972 Ueher-
684 3931 781 3985 atratus,
819 3923 907 3986 quidue
936 3932 1034 3985 pareret
1070 3925 1194 3983 eeerea'ttea,

123 3991 267 4056 schreituog
279 3992 323 4042 der
337 3992 479 4056 Bergkotto,
493 3987 633 4056 dieEpirus
678 4000 802 4054 praeterea
810 3995 996 4054 appellaverunt.
1008 3989 1069 4056 Nep.
1082 3987 1195 4040 Miltiad.
