2906 4586
198 317 201 322 ’
219 331 260 398 93
597 329 640 380 nu
657 329 764 380 nunno
783 327 883 382 civim

219 489 336 554 ducitur
357 494 422 546 tum
443 503 499 558 res,
521 485 660 564 aciesque
678 485 715 545 ad
737 486 806 548 solis
829 503 967 546 occasum
986 491 1192 545 conhuentur:
1224 484 1294 546 inde

188 575 336 652 4utrique
357 571 389 631 iu
411 578 503 630 castra
526 571 688 634 discedunt.
734 571 858 634 Postero
881 570 927 631 die
950 570 1127 630 munitiones
1148 568 1293 630 institutas

219 661 323 722 Caesar
340 666 423 735 parat
441 656 598 734 perficere;
619 655 786 727 illivadum
805 656 935 718 fluminis
956 655 1065 718 Sicoris
1085 663 1246 733 temptare,
1268 654 1293 720 si

218 743 343 805 transire
364 749 494 820 possent.
534 742 599 813 Qua
627 759 660 800 re
682 740 886 802 animadversa
912 741 1016 802 Caesar
1037 740 1200 801 Germanos
1221 739 1294 800 levis

218 837 381 891 armaturae
400 826 593 905 equitumque
613 834 728 904 partem
743 827 855 887 flumen
873 826 967 887 traicit
980 824 1156 904 crebrasque
1170 824 1201 885 in
1222 824 1294 903 ripis

219 913 365 975 custodias
385 911 521 988 disponit.

306 995 356 1060 84.
378 997 510 1057 Tandem
532 995 670 1056 omuibus
692 995 782 1056 rebus
801 993 929 1067 obsessi,
959 1004 1098 1074 quartum
1127 994 1184 1058 iam
1215 994 1294 1056 diem

221 1085 283 1145 sine
303 1081 411 1161 pabulo
430 1081 550 1142 retentis
567 1081 715 1153 iumentis
737 1099 838 1159 aquae,
858 1081 1016 1159 bgnornm,
1036 1080 1177 1141 frumenti
1194 1079 1295 1158 inopia

222 1168 403 1246 colloquium
417 1174 521 1244 petunt
534 1174 563 1226 et
578 1166 624 1239 id,
647 1166 672 1226 si
685 1166 748 1226 fieri
766 1165 873 1244 possit,
898 1175 1010 1226 semoto
1026 1185 1042 1226 a
1060 1165 1200 1248 militibus
1217 1164 1293 1225 loco.

192 1266 207 1316 2
222 1253 277 1317 Ubi
291 1253 319 1313 id
330 1253 477 1314 adaesare
493 1260 630 1330 negatum
644 1259 681 1324 et,
697 1251 793 1328 palam
808 1251 833 1311 si
847 1251 974 1330 colloqui
990 1251 1104 1322 vellent,
1119 1263 1294 1312 conoessum

136 1371 138 1376 ·
222 1346 281 1411 est,
312 1337 398 1398 datur
421 1336 530 1399 obsidis
548 1335 614 1398 loco
635 1336 749 1397 Caesari
770 1336 846 1396 lilius
866 1335 988 1396 Afranii.
1031 1335 1154 1396 Venitur
1173 1336 1203 1395 iu
1226 1353 1294 1397 eum

192 1425 329 1496 tlooum,
353 1439 442 1501 quem
457 1422 562 1482 Caesar
581 1421 694 1500 delegit.
715 1421 860 1482 Audiente
877 1430 1005 1500 utroque
1020 1421 1150 1482 exercitu
1163 1421 1295 1499 loquitur

222 1508 377 1570 Afranius:
396 1508 463 1567 Nou
481 1525 545 1567 esse
566 1515 616 1567 aut
632 1507 704 1585 ipsis
727 1514 778 1566 aut
793 1505 932 1566 mihtibns
948 1506 1193 1579 succensendum,
1213 1505 1295 1583 quod

221 1595 310 1655 fidem
326 1611 394 1672 erga
408 1593 616 1671 imperatorem
637 1610 727 1652 snum
741 1592 793 1652 Cu.
808 1592 982 1670 Pompeium
1000 1609 1175 1652 conservare
1193 1592 1295 1652 volue-

193 1680 289 1740 4rint.
330 1678 387 1739 Sed
416 1678 483 1738 satis
508 1678 566 1737 iam
595 1677 698 1737 fecisse
731 1677 828 1737 officio
857 1677 985 1755 satisque
1013 1677 1147 1756 supplicii
1183 1677 1296 1738 tulisse.

159 1791 161 1802 ¹
222 1765 382 1843 Perpessos
404 1763 538 1823 omnium
557 1781 658 1822 rernm
680 1762 825 1840 iuopiam3
851 1780 933 1822 nuno
954 1780 1025 1822 vero
1049 1781 1141 1840 paene
1161 1770 1193 1821 ut
1218 1763 1296 1822 feras

224 1849 468 1914 circummunitos
476 1847 627 1926 prohiberi
635 1866 720 1926 aqua,
734 1847 884 1926 prohiberi
899 1847 1043 1926 ingressu,
1058 1865 1154 1926 neque
1170 1865 1297 1926 corpore

194 1935 356 1994 tdolorem
377 1951 474 2012 usque
491 1933 590 1992 animo
611 1933 802 2012 ignominiam
817 1934 895 1992 ferre
909 1949 1005 2010 posse.
1028 1934 1129 2010 ltaque
1150 1951 1182 1992 se
1203 1934 1296 1993 victos

224 2019 365 2092 confiteri,
381 2036 465 2078 orare
481 2028 568 2096 atque
585 2016 748 2090 obsecrare,
765 2017 857 2096 siqui
873 2017 957 2077 locus
973 2017 1189 2080 misericordiae
1205 2018 1296 2077 relin-

223 2114 338 2184 quatur,
361 2122 399 2162 116
420 2103 456 2162 ad
479 2103 614 2164 ultimum
643 2103 819 2181 supplicium
850 2103 987 2181 progredi
1014 2121 1133 2163 necesse
1161 2102 1296 2164 habeant.

222 2190 300 2250 llaec
319 2207 407 2267 quam
426 2195 522 2266 potest
541 2187 749 2250 demississime
771 2195 799 2248 et
817 2186 1029 2248 subiectissime
1049 2188 1175 2268 exponit.

308 2269 358 2336 85.
380 2273 425 2334 Ad
446 2293 480 2334 ea
502 2274 605 2335 Caesar
625 2273 793 2352 respondit:
816 2273 894 2334 Nulli
915 2273 1047 2334 omnium
1068 2275 1119 2334 has
1142 2271 1231 2352 partis
1251 2273 1300 2334 vel

193 2359 424 2438 2querimouiae
443 2360 488 2420 rel
511 2357 705 2419 miserationis
726 2357 825 2418 nunus
844 2360 1026 2435 convenisse.
1054 2359 1194 2436 Reliquos
1217 2359 1297 2418 enim

223 2444 319 2506 omnis
336 2444 468 2505 officinm
487 2462 575 2504 sunm
594 2443 786 2522 praestitisse:
801 2462 842 2514 se,
859 2445 909 2522 qui
926 2445 1012 2505 etiam
1029 2443 1106 2504 bona
1122 2443 1298 2504 condicione

222 2629 321 2680 blossen
345 2627 468 2678 lnhnitivs
498 2629 562 2677 noch
584 2632 734 2690 monentem
820 2631 843 2682 5.
872 2632 906 2680 ad
924 2632 1033 2679 milenum
1056 2632 1211 2691 simplitatem:
1241 2643 1298 2678 zum

223 2698 366 2762 rorglsiohe
381 2711 401 2746 c.
415 2699 456 2756 78,
472 2699 496 2758 3,
509 2710 598 2760 weges
612 2706 638 2747 set
653 2698 676 2756 3,
692 2699 732 2760 30,
785 2697 929 2748 iussersten
938 2697 1051 2747 Schritte
1061 2712 1138 2762 qegcu
1146 2697 1199 2747 sich
1209 2697 1297 2760 selbst,

223 2770 247 2829 2,
270 2781 358 2830 weges
382 2767 425 2814 des
444 2764 578 2815 Weohsels
605 2765 651 2815 der
667 2763 734 2814 Gon·
784 2765 932 2827 1116622,
952 2767 981 2818 d:
1005 2777 1031 2816 eet
1053 2784 1110 2817 esee
1132 2770 1193 2817 citae
1210 2769 1299 2816 demus

223 2835 394 2885 structiones
413 2849 434 2882 e.
453 2835 494 2896 44,
514 2835 538 2885 4.
784 2839 905 2886 consulere
924 2845 1045 2899 secentur.

257 2905 281 2954 4.
296 2911 371 2964 paret
383 2905 506 2964 perficere.
526 2901 552 2951 Β.
572 2899 602 2952 G.
621 2903 645 2965 6,
666 2904 690 2965 t,
712 2905 734 2954 1.
822 2899 874 2960 85.
896 2905 917 2955 1.
935 2907 980 2952 leae
993 2905 1122 2965 perthesi
1135 2905 1299 2966 querimoniae

223 2997 257 3007 -
274 2976 297 3020 ei
316 2997 349 3006 -—
362 2981 466 3032 possent.
485 2969 509 3019 S.
528 2985 548 3020 c.
569 2973 584 3022 5
603 2985 625 3020 s.
643 2969 671 3020 E.
784 2976 822 3022 eei
856 2976 1028 3022 miserationis:
1061 2970 1129 3020 diosc
1152 2970 1224 3021 Rolle
1254 2971 1298 3020 des

258 3034 310 3095 84.
332 3041 354 3090 1.
372 3043 481 3089 omnim
497 3041 567 3090 rebus
586 3042 683 3090 elsess:
707 3039 735 3088 in
785 3037 896 3104 lllagens
919 3041 982 3092 iiber
1004 3040 1048 3090 das
1066 3041 1139 3090 horte
1157 3038 1297 3102 Schirlssl,

220 3105 294 3170 jeder
306 3107 445 3171 Beziehnng
462 3111 491 3169 (c.
508 3110 549 3171 26,
564 3109 588 3168 ll
601 3108 734 3172 bedriingt,
785 3109 831 3159 das
849 3108 885 3159 sio
903 3109 944 3159 bei
961 3107 1097 3172 Ausiibuug
1120 3107 1188 3158 ihrer
1208 3105 1299 3158 Ptlicht

225 3191 273 3225 von
301 3176 346 3226 der
375 3177 453 3227 hohen
490 3176 542 3226 und
576 3176 733 3227 driickendeu
786 3194 816 3227 zu
833 3183 951 3242 crtrugeu
966 3179 1055 3227 hatten
1069 3177 1118 3226 und
1131 3174 1298 3241 deslilagons

225 3242 320 3295 Goishr
342 3245 391 3295 und
410 3244 598 3309 Verlegenheit.
635 3244 686 3295 Cic.
710 3261 733 3311 p.
785 3243 1150 3311 zurllrreguugvonltlitleid.
1176 3241 1297 3302 Afranius

225 3312 251 3364 C.
271 3312 354 3364 Rubir.
376 3316 414 3377 to,
440 3316 485 3366 29:
515 3325 585 3378 elqses
614 3317 736 3365 obsidione
785 3315 976 3379 Aeussemngen
999 3315 1107 3367 lonnten
1133 3329 1161 3364 so
1185 3315 1245 3366 oder
1267 3329 1296 3363 so

222 3386 390 3445 respuentem
409 3385 536 3433 liberasset.
785 3382 926 3448 sulgelnsst
943 3385 1057 3445 werden,
1076 3384 1153 3433 dnher
1170 3387 1238 3434 cei—
1252 3387 1296 3436 sel.

259 3454 282 3505 3.
305 3457 379 3514 t'poeis:
401 3449 520 3501 Afranius
544 3450 593 3500 und
611 3447 733 3500 Petreius.
820 3454 843 3504 2,
872 3462 900 3504 tet
916 3469 987 3518 quam
1004 3456 1156 3516 imepem'ma
1173 3462 1249 3504 essent
1264 3455 1300 3501 ad

224 3547 257 3556 -
288 3538 345 3586 eree
377 3525 541 3583 sheperamrem
571 3533 648 3570 mum.
683 3518 734 3568 ller
782 3536 864 3581 pasees
881 3527 974 3572 omnis:
1002 3520 1080 3571 demit
1096 3519 1167 3570 Alles
1190 3519 1232 3570 liir
1250 3521 1297 3570 deu
1376 3549 1391 3575 ,1

224 3588 323 3652 Grund,
348 3603 442 3638 warum
461 3589 530 3640 diese
550 3588 641 3639 Worte
658 3587 734 3637 iiber-
784 3588 892 3640 Friedeu
916 3592 980 3640 noch
1003 3590 1166 3650 uuretsehrt,
1193 3589 1217 3637 in
1242 3589 1297 3640 dem

222 3659 300 3724 haupt
313 3664 411 3721 gesetzt
428 3657 491 3716 siud,
510 3657 653 3707 versnlssst
670 3657 734 3706 such
785 3655 879 3708 Staude
898 3661 981 3722 ordre,
999 3659 1025 3708 iu
1044 3658 1163 3708 welchem
1181 3671 1237 3707 mun
1254 3656 1298 3708 liir

224 3725 263 3776 dis
282 3725 397 3789 Stellung
415 3726 552 3776 derselbeu.
785 3726 831 3776 den
844 3725 951 3778 Friedsu
964 3730 1027 3777 noch
1041 3725 1103 3777 lreio
1121 3727 1192 3776 llaud
1210 3727 1297 3788 h's'tte;

257 3797 280 3846 4.
308 3798 432 3857 prohiberi
464 3801 588 3860 inpressas:
624 3793 733 3844 Einher-
785 3797 848 3845 uach
880 3794 950 3846 einer
980 3795 1100 3854 8611111611).ι
1129 3795 1199 3845 wiire
1226 3793 1298 3844 nicht

222 3862 362 3926 schroiteu,
405 3860 467 3914 frelo
502 3865 656 3928 liswegunge
696 3861 734 3912 sis
785 3865 855 3914 mehr
877 3882 915 3915 res
937 3870 987 3916 inte
1002 3883 1032 3914 ra
1056 3865 1090 3925 (Β.
1110 3862 1139 3914 G.
1168 3867 1191 3926 l,
1211 3865 1253 3926 30,
1272 3865 1297 3925 21

222 3931 331 3981 1111111161
349 3930 439 3982 keiueu
456 3931 553 3982 Schritt
575 3933 651 3994 thun,
679 3930 732 3982 sich
785 3947 907 3997 genesen.
926 3961 959 3969 -
977 3938 1022 3998 qui
1045 3937 1115 3984 esem
1133 3959 1166 3970 -
1185 3936 1297 3986 enuere.

222 4001 293 4050 nicht
310 4001 410 4051 riihrsu.
782 3999 835 4051 Fiir
863 4001 907 4054 das
943 4001 1164 4067 gebriiuchlichere
1201 4017 1231 4052 ee
1259 4027 1294 4037 -
