2906 4586
203 350 264 414 140
592 350 635 400 11
652 348 759 401 11111
776 349 877 401 civim

201 513 258 566 tate
281 505 340 577 otii,
359 503 509 565 Uticenses
530 522 586 582 pro
609 504 786 582 quibusdam
804 503 935 565 Caesaris
958 503 989 562 in
1012 521 1044 562 se
1065 502 1215 564 beneficiis
1234 503 1280 563 illi

201 589 377 662 amicissimi,
395 597 559 650 conventus
572 589 607 663 is,
622 591 723 667 quiex
741 589 827 650 variis
843 587 999 667 generibus
1014 595 1168 660 constaret,
1181 595 1280 648 terror

171 694 238 744 2ex
260 674 463 752 superioribus
485 675 603 752 proeliis
625 692 758 752 magnus.
801 673 902 751 ltaque
927 674 964 733 de
994 672 1142 733 deditione
1170 691 1279 733 omnes

202 759 296 838 palam
318 759 514 837 loquebantur
536 768 564 820 et
586 777 655 819 oum
671 759 708 818 ·P.
727 759 805 819 Attio
823 758 959 837 agebant,
981 776 1020 818 ne
1042 777 1095 818 sua
1116 759 1296 836 pertinacia

170 844 338 906 somnium
360 847 494 904 fortunas
515 843 680 922 pertm'bari
694 844 788 904 vellet.
812 844 890 904 llaec
907 862 975 903 cum
991 850 1156 920 agerentur,
1179 843 1280 904 nuntii

178 929 355 1025 praemissi
347 928 407 988 ab
424 947 492 1007 rege
514 929 584 988 luba
601 937 755 1000 venerunt,
774 929 825 1006 qui
842 929 925 988 illum
947 929 1049 988 adesso
1069 946 1137 987 oum
1161 929 1279 1006 magnis

202 1013 294 1091 copiis
315 1014 445 1073 dicerent
465 1025 493 1074 et
519 1013 555 1073 de
578 1015 708 1074 custodia
729 1032 762 1073 ao
784 1013 956 1073 defensione
975 1013 1057 1072 urbis
1077 1013 1278 1111 hortarentur.

202 1099 351 1171 Quaeres
373 1116 477 1158 eorum
499 1099 669 1176 perterritos
692 1099 806 1159 animos
826 1099 1019 1161 confirmavit

187 1204 190 1210 ·
287 1181 337 1244 37
354 1182 569 1243 Nuntiabantur
589 1183 660 1243 haec
678 1182 779 1243 eadem
794 1183 924 1256 Curioni,
941 1183 991 1243 sed
1008 1182 1186 1259 aliquamdiu
1201 1181 1278 1242 tides

201 1267 265 1327 fieri
301 1285 362 1326 non
393 1273 519 1345 poterat:
555 1276 665 1328 tantam
694 1268 818 1328 babebat
846 1286 967 1328 suarum
997 1285 1098 1327 rerum
1127 1267 1277 1326 fiduciam.

170 1351 323 1428 2lamque
345 1352 473 1412 Caesaris
495 1353 526 1412 in
549 1353 687 1431 Hispania
713 1372 761 1413 res
784 1354 929 1413 secundae
957 1353 987 1412 in
1009 1351 1138 1412 Africam
1163 1351 1279 1412 nuntiis

202 1445 231 1496 et
247 1436 348 1496 litteris
370 1436 603 1515 perferebantur.
640 1436 755 1510 Quibus
777 1438 866 1497 rebus
890 1437 1027 1497 omnibus
1049 1436 1180 1496 sublatus
1201 1436 1280 1496 nibil

171 1525 189 1575 3
203 1530 303 1581 contra
326 1540 357 1581 se
378 1540 478 1600 regem
494 1541 637 1582 ausurum
654 1522 843 1582 existimabat.
867 1523 924 1583 Sed
939 1522 989 1582 ubi
1005 1523 1089 1582 certis
1105 1517 1279 1581 auctoribus

203 1607 347 1684 comperit
364 1607 463 1667 minus
484 1626 541 1667 xxv
563 1607 679 1668 anilibus
702 1608 788 1686 longe
809 1607 845 1667 ab
860 1607 939 1668 Utica
959 1607 1021 1668 eius
1043 1606 1142 1684 copias
1164 1605 1279 1679 abesse,

170 1691 309 1751 troliano
346 1693 560 1753 munitionibus
596 1711 660 1753 sese
696 1693 728 1753 in
762 1701 855 1752 castra
882 1692 1015 1752 Cornelia
1047 1691 1164 1769 recepit
1207 1691 1280 1750 Huc

203 1778 387 1836 frumentum
399 1786 593 1855 comportare,
610 1786 702 1838 castra
719 1777 844 1849 munire,
862 1778 1011 1837 materiam
1028 1779 1163 1836 conferre
1180 1775 1281 1854 coepit

101 1911 103 1915 .
203 1861 357 1938 statimque
379 1861 409 1921 in
432 1863 557 1922 Siciliam
579 1863 664 1934 misit,
685 1861 728 1922 uti
744 1862 819 1922 duae
840 1862 969 1940 legiones
982 1861 1173 1939 reliquusque
1188 1860 1278 1938 equi-

172 1949 279 2005 511111
316 1946 352 2004 ad
389 1965 421 2005 se
456 1946 626 2008 mitteretur.
667 1947 766 2008 Castra
793 1956 878 2008 erant
904 1948 939 2006 ad
966 1946 1075 2006 bellum
1105 1946 1279 2006 ducendum

203 2029 351 2107 aptissima
380 2039 483 2090 natura
509 2033 618 2092 locist
644 2032 806 2092 munitione
834 2040 862 2092 et
888 2032 975 2091 maris
999 2031 1217 2110 propinquitate
1247 2039 1281 2091 et

203 2132 294 2191 aquae
321 2121 349 2174 et
376 2115 442 2174 salis
468 2117 566 2194 copia,
593 2117 676 2177 cuius
706 2135 809 2196 magna
831 2116 876 2177 vis
904 2117 964 2176 iam
992 2135 1028 2176 ex
1052 2115 1195 2194 proximis
1215 2125 1281 2176 erat

171 2198 302 2264 ssalinis
322 2217 356 2257 eo
380 2210 526 2278 congesta.
569 2201 636 2261 Non
660 2202 779 2262 materia
809 2201 993 2262 multitudine
1023 2201 1181 2273 arborum,
1213 2217 1280 2260 non

204 2285 395 2357 trumentum,
418 2285 501 2346 cuius
522 2295 604 2346 erant
619 2287 781 2364 plenissimi
800 2287 870 2364 agri,
893 2286 1017 2346 deficere
1031 2294 1153 2364 poterat.
1174 2286 1279 2363 ltaque

203 2368 336 2428 omnium
360 2387 485 2430 suorum
507 2389 654 2431 consensu
677 2371 764 2432 Curio
791 2371 918 2450 reliquas
946 2371 1045 2449 copias
1064 2378 1231 2449 exspectare
1247 2378 1282 2430 et

203 2451 310 2512 bellum
331 2453 439 2514 ducere
457 2455 584 2532 parabat.

288 2535 338 2600 38.
358 2539 410 2600 llis
432 2541 596 2602 constitutis
618 2540 708 2600 rebus
730 2540 920 2618 probatisque
942 2539 1069 2600 consiliis
1092 2559 1128 2600 ex
1143 2538 1278 2618 perfugis

201 2623 379 2702 quibusdam
401 2625 554 2702 oppidanis
577 2626 657 2686 audit
677 2625 779 2685 lubam
807 2633 977 2685 revocatum
999 2625 1130 2684 ¹finitimo
1153 2624 1228 2685 bello
1247 2633 1282 2684 et

203 2709 411 2769 controversiis
431 2709 654 2788 Leptitanorum
676 2710 815 2770 restitisse
836 2711 867 2770 in
889 2727 998 2788 regno,
1017 2709 1190 2782 Saburram,
1212 2709 1279 2770 eius

202 2795 400 2871 praelectum,
423 2812 491 2854 cum
518 2795 713 2856 mediocribus
734 2795 826 2872 copiis
851 2795 975 2855 missum
996 2795 1092 2854 Uticae
1112 2795 1279 2872 appropin-

200 2962 320 3010 manaem
336 2963 435 3014 artium.
473 2989 506 2998 -
536 2981 584 3025 pro
602 2965 711 3027 quibucd.
798 2964 822 3014 3.
841 2964 1001 3026 iungendam.
1019 2959 1281 3026 Dioscflinzusiigung

200 3032 309 3079 Caesaris
327 3032 500 3093 1111111111
534 3030 558 3081 S.
577 3047 608 3081 zu
629 3035 650 3094 1,
670 3034 711 3095 34,
763 3045 813 3080 von
831 3034 898 3095 unqe
914 3030 978 3079 noch
995 3029 1021 3080 B.
1040 3028 1069 3080 G.
1089 3033 1119 3092 5,
1138 3033 1179 3092 47,
1200 3031 1229 3091 53
1250 3033 1280 3093 7,

204 3101 227 3150 3.
245 3124 279 3132 —
296 3107 436 3148 conuentus:
463 3101 484 3162 1,
512 3102 550 3162 14,
571 3102 599 3159 53
626 3101 650 3162 2,
672 3101 711 3162 19,
767 3101 806 3161 16,
829 3100 849 3150 1.

204 3168 280 3216 3.-
297 3172 341 3230 qua·
359 3177 487 3218 coenaret:
515 3182 565 3216 von
589 3167 633 3216 der
656 3166 712 3230 Art,
799 3169 822 3218 4.
846 3170 907 3217 duae
926 3169 1038 3230 loannes:
1064 3165 1112 3217 ‘die
1131 3163 1228 3216 beidon'
1248 3165 1279 3215 in

200 3235 260 3283 dass
278 3261 319 3285 -.
338 3250 358 3284 o.
377 3237 417 3298 29,
438 3237 468 3287 2:
491 3252 566 3300 penus
583 3239 713 3298 11111111,
765 3233 1280 3298 Sicilienzurlickgcbliebononlegionen3

201 3305 343 3354 collaboret.
368 3301 418 3354 Der
436 3303 579 3354 Conventus
597 3320 652 3354 war
669 3319 713 3354 aus
766 3305 829 3354 dcun
853 3303 909 3353 vior
926 3303 997 3353 liutto
1015 3318 1043 3353 or
1064 3301 1193 3366 erbalten,
1216 3319 1235 3353 s.
1254 3317 1280 3352 c.

204 3371 299 3422 lenton
339 3372 531 3422 vursobiodenor
569 3371 715 3437 politisoher
766 3373 850 3434 23,1.

202 3437 349 3504 Gesinnung
365 3440 500 3505 gemischt,
528 3457 556 3490 so
574 3440 633 3490 dass
651 3443 715 3490 auch
800 3441 824 3492 6.
848 3442 1001 3490 11111111ᾰί11
1022 3443 1135 3491 ardonem
1162 3439 1281 3489 causalor

203 3523 252 3558 von
270 3509 353 3559 dieser
370 3507 439 3560 Seite
457 3508 516 3560 lein
526 3509 716 3560 enmohicdonsr
765 3506 832 3569 nol,
849 3521 937 3571 wegon
950 3505 1089 3573 derbiangc
1102 3509 1280 3558 1119111111.
1364 3563 1366 3565 ‚

206 3577 373 3628 Widorstnnd
390 3595 421 3628 zu
439 3585 566 3629 erwarten
583 3591 646 3630 war.
767 3576 792 3628 S.
816 3545 842 3626 11.
866 3573 1283 3640 (1.3,1111111111111

767 3645 880 3695 imbrium
896 3613 1050 3708 immitior
1062 3649 1149 3697 maiales
1159 3647 1284 3732 molinons

239 3707 291 3769 37
323 3716 345 3766 1
369 3717 433 3777 fides
453 3717 518 3778 flora·
542 3716 918 3778 emmerammianos.

196 3775 968 3847 (1111111111111116111111111111,38111
994 3784 1086 3848 perfuq
1087 3785 1107 3831 is
1131 3781 1206 3832 audit
1241 3779 1283 3830 111·

123 3876 125 3880 ⁷
204 3849 273 3898 nieht
289 3845 399 3899 bewirkt
416 3851 531 3913 worden,
561 3851 618 3901 dass
642 3866 670 3901 er
687 3865 714 3901 es
765 3849 826 3900 liess
847 3849 902 3899 sicli
919 3849 997 3900 durch
1014 3850 1069 3902 eino
1054 3799 1283 3900 α9-1111111111111

205 3917 313 4047 1111121111.
346 3916 372 3966 S
402 3917 428 3966 Β.
458 3915 487 3968 G.
519 3922 543 3981 5,
567 3922 609 3981 41,
634 3923 663 3982 4,
688 3921 712 3982 6,
766 3919 834 3968 ricbt
850 3915 1022 4008 veqsnbmn,
1025 3918 1065 3970 dio
1082 3918 1146 3968 11111
1165 3917 1284 3968 verbi-oi-

205 3987 235 4036 41
661 4023 663 4025 -
765 3992 826 4037 teto.
