2906 4586
234 337 296 402 162
513 301 516 308 ’
623 335 666 386 uu
683 333 790 386 annuo
810 333 911 388 crvru
970 284 974 296 ’

203 495 295 574 tipse
315 492 399 556 omni
419 501 497 554 terra
517 509 619 554 earum
636 491 792 570 regionum
812 489 1038 570 prohibebatur;
1054 489 1205 568 praesidiis
1219 489 1302 553 cuim

232 579 380 658 dispositis
390 577 489 640 omnia
498 577 583 639 litora
593 596 609 638 a
621 575 742 638 Caesare
759 576 942 648 tenebantur,
958 592 1054 652 neque
1068 573 1197 654 lignandi
1213 583 1303 654 atque

201 673 219 734 '3
233 663 359 742 aquandi
379 681 477 742 neque
498 680 587 724 naves
609 661 645 722 ad
667 670 776 724 terram
798 661 938 742 religandi
953 667 1080 738 potestas
1102 659 1196 722 tiebat.
1231 661 1306 722 Erat

232 768 280 810 res
302 749 334 810 iu
359 767 464 827 magna
479 747 656 820 difficultate,
675 746 858 825 summisque
880 744 1020 824 augustiis
1042 763 1144 806 rerum
1162 763 1302 806 neeessa-

188 834 190 839 ’
231 835 343 898 riarum
363 833 581 913 premebantur,
602 832 674 894 adeo
696 841 729 894 ut
749 839 923 912 cogerentur
945 829 1029 891 sicuti
1045 830 1192 910 reliquum
1214 831 1302 892 oom-

233 927 363 982 meatum
376 919 415 980 ita
427 919 505 998 ligna
519 928 606 995 atque
617 935 724 996 aquam
733 917 861 996 Corcyra
874 915 999 978 navibus
1013 915 1154 976 onerariis
1169 933 1302 994 suppor-

203 1013 302 1077 ture,
317 1013 405 1083 atque
420 1004 505 1065 etiam
521 1021 582 1063 uuo
597 1011 730 1082 tempore
746 1002 858 1076 accidit,
879 1009 912 1062 ut
927 1000 1139 1062 difficilioribus
1162 1001 1207 1062 usi
1221 1009 1301 1062 wm-

233 1089 393 1168 pestatibus
413 1107 449 1150 ex
463 1087 595 1167 pellibus,
610 1086 719 1166 quibus
736 1096 818 1149 eraut
830 1095 921 1148 tectae
935 1105 1034 1158 naves
1048 1093 1229 1150 nocturnum
1244 1105 1301 1146 ex-

196 1177 220 1235 .5
233 1175 329 1254 cipere
344 1192 443 1236 rorem
454 1181 637 1252 cogerentur.
655 1173 734 1246 Quas
749 1182 847 1234 tamen
858 1171 1040 1234 difficultates
1055 1172 1197 1250 patienter
1213 1179 1302 1250 atque

233 1278 327 1338 aequo
344 1259 442 1320 auimo
458 1257 591 1319 ferebant
606 1275 704 1336 neque
721 1257 776 1318 sibi
792 1257 930 1320 nudanda
946 1257 1031 1317 litora
1046 1265 1074 1318 et
1087 1256 1301 1334 relinquendos

203 1353 337 1423 oportun
359 1342 568 1406 existimabant.
608 1343 665 1404 Sed
687 1361 756 1403 curn
781 1349 881 1404 essent
907 1341 1069 1420 inquibus
1100 1341 1300 1402 demonstravi

233 1428 374 1508 augustiis
388 1447 421 1488 ac
436 1447 467 1489 se
483 1427 556 1490 Libo
579 1446 646 1490 cum
668 1426 772 1489 Bibulo
795 1427 1003 1499 coniunxisset,
1024 1427 1189 1505 loquuntur
1210 1426 1298 1488 ambo

234 1533 270 1574 ex
285 1514 408 1575 navibus
426 1532 493 1574 cum
507 1514 554 1574 Μ’.
568 1512 661 1573 Acilio
684 1520 713 1572 et
726 1513 815 1574 Statio
830 1514 931 1574 Murco
953 1511 1068 1591 legatis3
1082 1519 1212 1591 quorum
1227 1512 1301 1572 alter

235 1599 335 1678 oppidi
354 1599 457 1672 muris,
473 1597 548 1660 alter
569 1597 720 1677 praesidiis
739 1597 926 1666 terrestribus
947 1605 1093 1675 praeerat:
1114 1597 1186 1658 velle
1208 1615 1239 1656 se
1261 1596 1302 1657 de

205 1684 369 1746 amaximis
387 1684 476 1751 rebus
498 1701 567 1744 cum
585 1683 706 1750 Caesare
726 1683 817 1762 loqui,
839 1683 864 1744 si
885 1682 940 1744 sibi
960 1682 1080 1748 iacadtas
1102 1681 1194 1743 detur.
1230 1681 1300 1742 Huc

233 1770 346 1830 addunt
358 1787 451 1848 panca
465 1768 508 1830 rei
524 1768 741 1831 confirmandae
755 1787 851 1841 cansa,
873 1777 906 1830 ut
921 1768 957 1827 de
979 1766 1192 1846 compositione
1205 1766 1302 1828 acturi

234 1854 412 1916 viderentur.
441 1853 562 1916 Interim
577 1855 727 1933 postulant
746 1861 781 1915 ut
800 1853 859 1915 siat
877 1853 1015 1926 indutiae,
1029 1862 1116 1931 atque
1130 1851 1166 1914 ab
1182 1851 1217 1914 iis
1238 1851 1301 1912 im·

205 1944 221 1994 8
234 1946 358 2019 patrant.
386 1939 524 2017 Magnum
540 1939 628 2011 euim,
643 1939 724 2017 quod
742 1938 910 2012 afferebant,
926 1937 1086 2009 videbatur,
1103 1946 1132 2000 et
1145 1937 1301 1999 Caesarem

233 2025 264 2085 id
274 2041 392 2086 summe
401 2023 530 2084 sciebant
539 2041 656 2102 cupere,
673 2031 701 2085 et
714 2027 881 2103 proiectum
896 2023 1005 2102 aliquid
1021 2022 1138 2084 Vibullii
1153 2022 1300 2084 mandatis

233 2107 461 2172 existimabatur.

320 2192 368 2256 16.
391 2193 545 2254 Caesareo
562 2200 692 2272 tempore
711 2211 779 2254 cum
794 2193 908 2272 legione
930 2211 989 2253 uua
1005 2195 1155 2272 profectus
1168 2192 1204 2254 ad
1220 2192 1300 2252 reci-

233 2279 353 2358 piendas
362 2279 514 2340 ulteriores
521 2278 647 2340 civitates
662 2287 691 2339 et
705 2297 769 2340 rem
777 2278 998 2340 frumentariam
1007 2277 1226 2357 expediendam,
1240 2296 1302 2357 qua

233 2480 302 2530 nicht
314 2480 385 2530 mehr
395 2480 437 2531 boi
449 2480 561 2548 Corcyra
573 2481 602 2543 (c.
615 2485 639 2544 7,
655 2482 676 2544 l)
689 2481 739 2545 lag.
773 2475 850 2530 ‘uem
882 2497 946 2530 unna
970 2489 1040 2541 paor
1059 2479 1175 2543 samariae
1202 2481 1241 2530 tn
1270 2481 1302 2530 de

170 2593 171 2596 ,
232 2577 266 2587 --
278 2553 557 2612 commmendare:
575 2564 602 2600 es
614 2549 649 2599 iat
662 2549 741 2600 leicbt
789 2551 859 2599 robur
871 2553 962 2613 upon,
981 2566 1003 2614 p.
1017 2547 1107 2600 Roscio
1126 2547 1192 2598 Com.
1207 2551 1231 2611 5,
1252 2551 1298 2600 15:

232 2617 384 2682 bagreitlicb
408 2619 457 2670 wie
481 2619 534 2670 dios
558 2633 589 2668 aa
607 2620 738 2670 verstcben
789 2621 909 2670 macto
932 2635 960 2668 aa
982 2626 1036 2682 aar„
1049 2634 1120 2682 quom
1134 2627 1232 2680 proptor
1248 2621 1301 2669 aa·

231 2687 274 2750 ist,
287 2687 320 2736 da
345 2685 426 2736 Ciisar
447 2686 526 2736 scibat
549 2685 641 2736 beraits
663 2687 739 2738 iiber-
789 2689 864 2736 mium
887 2689 1033 2747 splendorem
1056 2695 1082 2736 ut
1105 2688 1205 2736 induem
1222 2703 1302 2736 namn

233 2760 332 2819 gosetzt
357 2769 418 2804 war.
435 2781 469 2791 -—
492 2758 559 2804 omni
574 2754 641 2806 terra
657 2772 740 2806 acrama
789 2759 869 2806 vereri
884 2757 1013 2817 debeamus,
1038 2754 1070 2804 ad
1088 2753 1142 2804 Aa.
1160 2757 1185 2817 9,
1207 2757 1245 2818 10,
1267 2757 1299 2806 2:

232 2826 368 2888 ropioumn:
397 2822 472 2873 allam
507 2822 577 2872 Laud
606 2822 631 2872 in
663 2821 739 2887 janna
790 2839 870 2874 mm
884 2827 945 2873 mibi
954 2824 1033 2886 sunto
1049 2826 1131 2874 uideor
1148 2841 1163 2874 a
1175 2827 1300 2885 praeapte

233 2889 373 2954 Gogoudon.
789 2902 812 2943 et
822 2909 858 2942 mo
870 2909 920 2942 una
932 2895 989 2942 baec
999 2909 1037 2942 res
1053 2901 1156 2956 torquet,
1172 2895 1238 2956 qnod
1248 2909 1301 2942 non

269 2962 292 3012 3.
309 2962 372 3010 Erat
388 2975 427 3009 res
443 2962 569 3024 inmas
587 2959 740 3023 difficultas.
790 2963 1006 3022 ....Pcmpos'um
1028 2970 1149 3024 tamqnam
1166 2977 1230 3012 unsa
1247 2979 1300 3010 ma·

233 3027 258 3077 S.
279 3028 304 3076 B.
324 3025 354 3078 G.
372 3031 395 3090 7,
416 3029 457 3090 35,
478 3031 505 3080 1:
528 3037 580 3078 erat
604 3033 631 3078 in
646 3033 740 3096 mpns's
788 3033 910 3090 stipularis
927 3040 1019 3080 mrem
1035 3037 1088 3080 ssia.
1122 3029 1246 3080 Acbulieb
1263 3029 1301 3080 iet

232 3099 341 3147 marri
351 3096 536 3160 diffamantibus
549 3114 601 3161 νας
616 3099 641 3158 2,
654 3100 739 3160 25‚1:
790 3098 853 3147 anch
866 3096 936 3148 Caes.
950 3098 976 3148 B.
990 3096 1019 3148 G.
1038 3101 1062 3160 2,
1077 3100 1120 3162 25,
1138 3100 1167 3150 2:
1184 3107 1250 3149 scuto
1266 3100 1299 3148 ab

232 3183 283 3215 roan
295 3169 629 3230 meinanpurtocs'ds't;'i‚
648 3169 690 3230 41,
709 3169 738 3219 2:
788 3169 923 3217 novamen
950 3172 997 3218 uni
1026 3171 1099 3218 mdais'
1129 3171 1239 3218 darana.
1263 3193 1299 3204 -—

231 3243 321 3298 quarata
342 3250 381 3284 rer
405 3237 432 3284 iss
443 3238 551 3296 percocto
562 3236 646 3299 suerit
669 3251 738 3297 capo
788 3236 968 3298 difficilioribus
986 3239 1027 3286 aaa·
1041 3245 1120 3298 tenp„
1139 3251 1167 3285 so
1184 3237 1242 3288 dass
1259 3235 1299 3286 sic

231 3313 301 3354 nuru.
789 3303 847 3354 kain
873 3303 979 3355 Wasscr
1007 3319 1057 3354 von
1083 3303 1196 3371 Corcyra
1222 3303 1299 3354 boian

267 3374 290 3424 4.
307 3387 355 3422 nno
372 3379 474 3431 tmpore
488 3369 569 3420 buisst
581 3371 739 3435 gawdbalicb
788 3371 905 3424 konntan.

230 3455 268 3490 zu
286 3439 377 3490 einer
394 3439 457 3489 and
473 3439 739 3492 dorsolbeuZait
823 3443 847 3494 6.
870 3451 1021 3492 aim-ment
1043 3445 1071 3492 ἐκ
1093 3444 1179 3506 quidm
1201 3444 1299 3494 &mor

230 3508 738 3573 ==oaoood0mpuoampor030sktnate
788 3513 866 3559 umas·
899 3514 1016 3574 anqustiis
1049 3533 1083 3556 ι-
1115 3515 1144 3561 in
1183 3512 1215 3562 iis
1252 3526 1299 3560 ao·
1363 3551 1387 3574 ,

231 3577 405 3628 anchhoissan
423 3592 460 3627 zu
477 3577 572 3627 eiaar
585 3576 738 3641 einzigen
786 3581 882 3646 punis,
905 3581 932 3628 ia
950 3582 1037 3642 quidm
1054 3596 1099 3630 eor
1117 3596 1184 3630 erre
1200 3583 1299 3630 omon-

231 3645 313 3695 Zait.
331 3645 448 3696 Hiarbat
461 3645 571 3696 oskeine
585 3660 635 3696 von
649 3645 738 3696 badan
788 3649 870 3709 ursos,
893 3646 944 3698 wic
967 3647 993 3698 Β.
1016 3645 1071 3698 an.
1096 3650 1138 3710 96,
1163 3650 1192 3700 2:
1217 3649 1301 3710 &ipso

231 3713 419 3777 Bndcutungcu3
447 3728 474 3764 es
505 3713 584 3764 boisst
616 3713 739 3767 vielmenr
788 3731 841 3765 cum
872 3718 959 3778 quidus
983 3719 1060 3778 poulo
1090 3726 1145 3767 cote
1173 3719 1304 3768 manaen·

232 3779 352 3832 einmal
369 3803 404 3824 =
420 3785 557 3846 ab'puando.
586 3781 684 3834 Ebcuso
703 3782 738 3833 iat
788 3787 886 3836 moriat
904 3811 937 3823 -
956 3789 1041 3846 oppidi
1056 3785 1079 3835 d.
1097 3785 1112 3834 i.
1132 3783 1208 3835 Orici.

230 3864 295 3899 unus
317 3849 455 3912 gobraucbt
477 3850 518 3900 bei
536 3849 586 3902 Cic.
609 3851 640 3901 do
658 3867 693 3902 or.
715 3853 736 3916 1,
823 3854 845 3905 8.
868 3855 978 3918 mbram,
1001 3853 1110 3904 niimlich
1127 3852 1223 3904 Acilius
1246 3853 1300 3904 und

231 3918 273 3977 29,
291 3917 351 3968 132:
369 3919 397 3968 de
414 3920 457 3968 aaa
468 3935 517 3968 mco
534 3923 631 3970 minemo
647 3930 682 3971 est
691 3921 738 3985 sa·
788 3919 896 3972 Murcus

230 3988 275 4034 eila
292 3987 431 4046 praecipere
455 4002 505 4036 non
528 3991 590 4038 miti
604 3992 680 4050 modo,
695 3993 741 4054 pua·
826 3984 876 4046 16.
908 3992 929 4042 1.
955 3993 1091 4042 mora:
1115 3989 1156 4042 dia
1181 3987 1298 4042 anticru-
